Date,CompanyID,Revenue,Expenses,Profit,LossFlag,Employees,Region,BusinessValuation,ClosedFlag
2016-01-31,0,39.95,60.09,-20.14,1.0,632,B,-0.6042,0.0
2016-01-31,1,4334.37,8470.08,-4135.71,1.0,464,A,-124.0713,0.0
2016-01-31,2,60.51,94.25,-33.74,1.0,970,A,-1.0122,0.0
2016-01-31,3,90640.1,350899.82,-260259.72,1.0,494,B,-7807.7916,0.0
2016-01-31,4,49.92,1.87,48.050000000000004,0.0,347,A,4.805000000000001,0.0
2016-01-31,5,51880.33,90266.32,-38385.990000000005,1.0,755,A,-1151.5797,0.0
2016-01-31,6,6943.69,1448.09,5495.599999999999,0.0,304,A,549.56,0.0
2016-01-31,7,226.14,539.35,-313.21000000000004,1.0,657,B,-9.3963,0.0
2016-01-31,8,165606.65,483154.39,-317547.74,1.0,552,C,-9526.4322,0.0
2016-01-31,9,15.82,80.76,-64.94,1.0,53,B,-1.9482,0.0
2016-01-31,10,53.27,47.7,5.57,0.0,444,B,0.557,0.0
2016-01-31,11,889.11,238.39,650.72,0.0,419,B,65.072,0.0
2016-01-31,12,5540.76,2905.56,2635.2000000000003,0.0,392,A,263.52000000000004,0.0
2016-01-31,13,819.51,270.87,548.64,0.0,922,A,54.864000000000004,0.0
2016-01-31,14,812436.33,142860.41,669575.9199999999,0.0,284,B,66957.59199999999,0.0
2016-01-31,15,3995.41,8496.03,-4500.620000000001,1.0,69,A,-135.01860000000002,0.0
2016-01-31,16,104738.16,314978.86,-210240.69999999998,1.0,858,A,-6307.221,0.0
2016-01-31,17,48494.15,98392.14,-49897.99,1.0,71,D,-1496.9397,0.0
2016-01-31,18,765762.16,315893.2,449868.96,0.0,986,A,44986.89600000001,0.0
2016-01-31,19,68975.6,86941.03,-17965.429999999993,1.0,658,D,-538.9628999999998,0.0
2016-01-31,20,3231.86,39224.07,-35992.21,1.0,358,B,-1079.7663,0.0
2016-01-31,21,727543.15,370284.65,357258.5,0.0,194,B,35725.85,0.0
2016-01-31,22,941.95,151.1,790.85,0.0,829,B,79.08500000000001,0.0
2016-01-31,23,9524.4,2575.42,6948.98,0.0,19,A,694.898,0.0
2016-01-31,24,148.65,705.75,-557.1,1.0,255,A,-16.713,0.0
2016-01-31,25,668220.38,332019.57,336200.81,0.0,118,C,33620.081,0.0
2016-01-31,26,9108.25,5559.86,3548.3900000000003,0.0,651,C,354.83900000000006,0.0
2016-01-31,27,2302.41,4753.38,-2450.9700000000003,1.0,306,B,-73.5291,0.0
2016-01-31,28,56802.82,65520.19,-8717.370000000003,1.0,342,D,-261.52110000000005,0.0
2016-01-31,29,23.76,62.62,-38.86,1.0,123,B,-1.1658,0.0
2016-01-31,30,27.28,37.48,-10.199999999999996,1.0,754,B,-0.3059999999999999,0.0
2016-01-31,31,508.46,532.56,-24.099999999999966,1.0,709,A,-0.722999999999999,0.0
2016-01-31,32,92614.5,37677.82,54936.68,0.0,319,A,5493.668000000001,0.0
2016-01-31,33,16896.15,65061.25,-48165.1,1.0,304,B,-1444.953,0.0
2016-01-31,34,95.82,62.64,33.17999999999999,0.0,839,D,3.3179999999999996,0.0
2016-01-31,35,1230.78,154.95,1075.83,0.0,137,A,107.583,0.0
2016-01-31,36,6724.82,4907.05,1817.7699999999995,0.0,745,A,181.77699999999996,0.0
2016-01-31,37,681.19,125.42,555.7700000000001,0.0,574,A,55.57700000000001,0.0
2016-01-31,38,23321.42,84758.04,,1.0,254,A,-1843.0985999999998,0.0
2016-01-31,39,27548.25,63606.4,-36058.15,1.0,416,A,-1081.7445,0.0
2016-01-31,40,,131.83,561.2299999999999,0.0,972,B,56.12299999999999,0.0
2016-01-31,41,21393.18,83922.54,-62529.35999999999,1.0,272,A,-1875.8807999999997,0.0
2016-01-31,42,670.28,197.35,472.92999999999995,0.0,908,A,47.293,0.0
2016-01-31,43,12.15,79.62,-67.47,1.0,455,A,-2.0241,0.0
2016-01-31,44,93649.4,38159.02,55490.38,0.0,571,B,5549.0380000000005,0.0
2016-01-31,45,761668.99,269160.98,492508.01,0.0,967,B,49250.80100000001,0.0
2016-01-31,46,211.48,186.9,24.579999999999984,0.0,405,B,2.4579999999999984,0.0
2016-01-31,47,898684.99,511285.51,387399.48,0.0,675,B,38739.948,0.0
2016-01-31,48,65092.12,11078.41,54013.71000000001,0.0,58,B,5401.371000000001,0.0
2016-01-31,49,76875.2,62248.69,14626.509999999995,0.0,242,A,1462.6509999999996,0.0
2016-01-31,50,702653.95,321143.06,381510.88999999996,0.0,517,A,38151.089,0.0
2016-01-31,51,44.06,79.43,-35.370000000000005,1.0,126,B,-1.0611000000000002,0.0
2016-01-31,52,696.71,152.34,544.37,0.0,704,A,54.437000000000005,0.0
2016-01-31,53,59378.46,87863.81,-28485.35,1.0,18,E,-854.5604999999999,0.0
2016-01-31,54,342.38,939.4,-597.02,1.0,475,B,-17.9106,0.0
2016-01-31,55,13421.69,62907.73,-49486.04,1.0,217,C,-1484.5812,0.0
2016-01-31,56,8543.06,24644.71,-16101.65,1.0,402,A,-483.04949999999997,0.0
2016-01-31,57,613049.62,144616.43,468433.19,0.0,527,B,46843.319,0.0
2016-01-31,58,1562.1,31267.4,-29705.300000000003,1.0,180,A,-891.1590000000001,0.0
2016-01-31,59,66.52,60.87,5.649999999999999,0.0,425,A,0.5649999999999998,0.0
2016-01-31,60,404501.19,234026.51,170474.68,0.0,755,A,17047.468,0.0
2016-01-31,61,258.84,820.97,-562.1300000000001,1.0,976,A,-16.8639,0.0
2016-01-31,62,3325.85,3641.29,-315.44000000000005,1.0,828,B,-9.4632,0.0
2016-01-31,63,767.41,749.23,18.17999999999995,0.0,920,B,1.8179999999999952,0.0
2016-01-31,64,8582.51,9242.28,-659.7700000000004,1.0,831,A,-19.793100000000013,0.0
2016-01-31,65,835482.89,974640.16,-139157.27000000002,1.0,505,A,-4174.7181,0.0
2016-01-31,66,3161.75,7512.36,-4350.61,1.0,806,A,-130.51829999999998,0.0
2016-01-31,67,43980.37,19643.3,24337.070000000003,0.0,783,C,2433.7070000000003,0.0
2016-01-31,68,53.05,59.04,-5.990000000000002,1.0,421,A,-0.17970000000000005,0.0
2016-01-31,69,68.07,90.92,-22.85000000000001,1.0,560,D,-0.6855000000000002,0.0
2016-01-31,70,7700.07,7643.47,56.599999999999454,0.0,140,A,5.659999999999946,0.0
2016-01-31,71,32.25,,-32.629999999999995,1.0,937,A,-0.9788999999999999,0.0
2016-01-31,72,69.86,592.91,-523.05,1.0,842,C,-15.691499999999998,0.0
2016-01-31,73,87.02,16.57,70.44999999999999,0.0,760,B,7.044999999999999,0.0
2016-01-31,74,194.69,436.14,-241.45,1.0,907,C,-7.243499999999999,0.0
2016-01-31,75,17172.46,98328.64,-81156.18,1.0,764,A,-2434.6854,0.0
2016-01-31,76,78582.48,9459.15,69123.33,0.0,445,B,6912.3330000000005,0.0
2016-01-31,77,22.24,10.5,11.739999999999998,0.0,135,A,1.174,0.0
2016-01-31,78,853793.55,393019.81,460773.74000000005,0.0,113,A,46077.37400000001,0.0
2016-01-31,79,381200.51,202885.78,178314.73,,673,A,17831.473,0.0
2016-01-31,80,69066.96,43035.77,26031.19000000001,0.0,773,A,2603.119000000001,0.0
2016-01-31,81,15812.24,98536.39,-82724.15,1.0,230,B,-2481.7245,0.0
2016-01-31,82,99269.78,63660.92,35608.86,0.0,808,C,3560.8860000000004,0.0
2016-01-31,83,9438.06,1309.95,8128.11,0.0,757,C,812.811,0.0
2016-01-31,84,22.51,78.43,-55.92,1.0,660,B,-1.6776,0.0
2016-01-31,85,6930.0,862.34,6067.66,0.0,346,A,606.766,0.0
2016-01-31,86,791960.04,375986.8,415973.24000000005,0.0,833,E,41597.32400000001,0.0
2016-01-31,87,541.99,342.91,199.07999999999998,0.0,512,C,19.908,0.0
2016-01-31,88,368902.62,290315.53,78587.08999999997,0.0,941,A,7858.708999999997,0.0
2016-01-31,89,184448.71,422757.02,-238308.31000000003,1.0,780,B,-7149.2493,0.0
2016-01-31,90,4665.56,1028.4,3637.1600000000003,0.0,407,B,363.71600000000007,0.0
2016-01-31,91,2911.76,6307.42,-3395.66,1.0,704,B,-101.8698,0.0
2016-01-31,92,40560.45,61548.54,-20988.090000000004,1.0,260,C,-629.6427000000001,0.0
2016-01-31,93,28.45,33.24,-4.790000000000003,1.0,433,A,-0.14370000000000008,0.0
2016-01-31,94,436.34,319.96,116.38,0.0,576,A,11.638,0.0
2016-01-31,95,4032.8,5025.61,-992.8099999999995,1.0,994,B,-29.784299999999984,0.0
2016-01-31,96,662313.04,406595.94,255717.10000000003,0.0,898,A,25571.710000000006,0.0
2016-01-31,97,53828.99,19132.88,34696.11,0.0,868,C,3469.6110000000003,0.0
2016-01-31,98,27001.89,2075.23,24926.66,0.0,64,A,2492.666,0.0
2016-01-31,99,87729.45,18357.46,69371.98999999999,0.0,564,B,6937.199,0.0
2016-02-29,0,81.3,1.65,79.64999999999999,0.0,632,B,5.951,0.0
2016-02-29,1,2647.36,7145.74,-4498.379999999999,1.0,464,A,-383.094,0.0
2016-02-29,2,75.19,84.99,-9.799999999999997,1.0,970,A,-2.3184,0.0
2016-02-29,3,86836.04,84509.56,2326.479999999996,0.0,494,B,-15545.788799999998,0.0
2016-02-29,4,21.06,19.25,,0.0,347,A,4.986000000000001,0.0
2016-02-29,5,35918.86,62128.05,-26209.190000000002,1.0,755,A,-3089.4351,0.0
2016-02-29,6,5305.0,8785.69,-3480.6900000000005,1.0,304,A,225.31529999999992,0.0
2016-02-29,7,162.9,7442.2,-7279.3,1.0,657,B,-237.17159999999998,0.0
2016-02-29,8,232931.65,254330.12,-21398.47,1.0,552,C,-19694.818499999998,0.0
2016-02-29,9,75.77,87.59,-11.820000000000007,1.0,53,B,-4.2509999999999994,0.0
2016-02-29,10,33.6,32.41,1.1900000000000048,0.0,444,B,0.6760000000000006,0.0
2016-02-29,11,270.38,381.97,-111.59000000000003,1.0,419,B,53.913000000000004,0.0
2016-02-29,12,8850.83,5269.62,3581.21,0.0,392,A,621.6410000000001,0.0
2016-02-29,13,218.04,703.72,-485.68000000000006,1.0,922,A,18.347999999999995,0.0
2016-02-29,14,137388.1,489861.09,-352472.99,1.0,284,B,31710.292999999994,0.0
2016-02-29,15,6800.62,6214.34,586.2799999999997,0.0,69,A,-252.44880000000006,0.0
2016-02-29,16,631311.47,412393.09,218918.37999999995,0.0,858,A,867.7679999999964,0.0
2016-02-29,17,78451.98,99904.15,-21452.17,1.0,71,D,-3637.4445,0.0
2016-02-29,18,748556.13,624447.66,124108.46999999997,0.0,986,A,57397.742999999995,0.0
2016-02-29,19,94799.64,91802.67,2996.970000000001,0.0,658,D,-988.0166999999994,0.0
2016-02-29,20,8959.62,2778.41,6181.210000000001,0.0,358,B,-1974.0963,0.0
2016-02-29,21,178175.95,351369.04,-173193.08999999997,1.0,194,B,18406.541000000005,0.0
2016-02-29,22,140.66,894.5,-753.84,1.0,829,B,24.8358,0.0
2016-02-29,23,4983.35,9703.57,-4720.219999999999,1.0,19,A,275.3322,0.0
2016-02-29,24,457.48,997.9,-540.42,1.0,255,A,-49.6386,0.0
2016-02-29,25,688067.18,130392.48,557674.7000000001,0.0,118,C,89387.551,0.0
2016-02-29,26,4952.09,2141.14,2810.9500000000003,0.0,651,C,635.9340000000001,0.0
2016-02-29,27,1444.91,5905.6,-4460.6900000000005,1.0,306,B,-280.87890000000004,0.0
2016-02-29,28,63870.4,66717.0,-2846.5999999999985,1.0,342,D,-608.4402,0.0
2016-02-29,29,71.49,648.19,-576.7,1.0,123,B,-19.632600000000004,0.0
2016-02-29,30,11.78,25.27,-13.49,1.0,754,B,-1.0166999999999997,0.0
2016-02-29,31,487.6,772.51,-284.90999999999997,1.0,709,A,-9.993299999999996,0.0
2016-02-29,32,76833.81,5815.53,71018.28,0.0,319,A,12595.496,0.0
2016-02-29,33,68486.84,46655.35,21831.489999999998,0.0,304,B,-2234.9613,0.0
2016-02-29,34,46.32,35.67,10.649999999999999,0.0,839,D,4.382999999999999,0.0
2016-02-29,35,,6955.22,367.22999999999956,0.0,137,A,144.30599999999995,0.0
2016-02-29,36,7891.67,,6514.82,0.0,745,A,833.259,0.0
2016-02-29,37,276.41,406.45,-130.03999999999996,1.0,574,A,42.573000000000015,0.0
2016-02-29,38,34885.35,82553.94,-47668.590000000004,1.0,254,A,-5116.2549,0.0
2016-02-29,39,42444.77,37077.33,5367.439999999995,0.0,416,A,-2002.4658000000002,0.0
2016-02-29,40,445.82,619.47,-173.65000000000003,1.0,972,B,38.75799999999999,0.0
2016-02-29,41,80080.59,76766.36,3314.229999999996,0.0,272,A,-3652.3346999999994,0.0
2016-02-29,42,535.97,187.43,348.54,0.0,908,A,82.147,0.0
2016-02-29,43,89.77,82.27,7.5,0.0,455,A,-3.8232,0.0
2016-02-29,44,11203.34,29017.69,-17814.35,1.0,571,B,3767.603,0.0
2016-02-29,45,848879.09,476019.55,372859.54,0.0,967,B,86536.755,0.0
2016-02-29,46,178.39,967.25,-788.86,1.0,405,B,-22.191,0.0
2016-02-29,47,907473.54,436572.32,470901.22000000003,0.0,675,B,85830.07,0.0
2016-02-29,48,35321.53,60597.93,-25276.4,1.0,58,B,2873.7310000000007,0.0
2016-02-29,49,92599.47,85037.48,7561.990000000005,0.0,242,A,2218.85,0.0
2016-02-29,50,601480.14,310602.32,290877.82,0.0,517,A,67238.871,0.0
2016-02-29,51,92.12,37.08,55.040000000000006,0.0,126,B,1.9670000000000003,0.0
2016-02-29,52,919.08,143.07,776.01,0.0,704,A,132.038,0.0
2016-02-29,53,68825.22,59978.2,8847.020000000004,0.0,18,E,-1443.7103999999997,0.0
2016-02-29,54,194.78,864.77,-669.99,1.0,475,B,-55.9209,0.0
2016-02-29,55,21777.55,87647.93,-65870.37999999999,1.0,217,C,-4945.273799999999,0.0
2016-02-29,56,8927.34,6883.51,2043.83,0.0,402,A,-904.7841,0.0
2016-02-29,57,168482.53,217363.36,-48880.82999999999,1.0,527,B,41955.236000000004,0.0
2016-02-29,58,1537.79,2380.9,-843.1100000000001,1.0,180,A,-1807.6113,0.0
2016-02-29,59,40.26,96.84,-56.580000000000005,,425,A,-1.3584000000000003,0.0
2016-02-29,60,730543.8,266263.52,464280.28,0.0,755,A,63475.496,0.0
2016-02-29,61,223.13,303.45,-80.32,1.0,976,A,-36.1374,0.0
2016-02-29,62,4055.65,2536.02,1519.63,0.0,828,B,120.41900000000001,0.0
2016-02-29,63,706.63,669.58,37.049999999999955,0.0,920,B,5.522999999999991,0.0
2016-02-29,64,9965.95,2528.76,7437.1900000000005,0.0,831,A,677.7420000000001,0.0
2016-02-29,65,246829.63,485636.17,-238806.53999999998,1.0,505,A,-15513.6324,0.0
2016-02-29,66,2217.52,6690.85,-4473.33,1.0,806,A,-395.2365,0.0
2016-02-29,67,91326.47,76836.82,14489.649999999994,0.0,783,C,3882.6720000000005,0.0
2016-02-29,68,51.5,5.97,45.53,0.0,421,A,3.954,0.0
2016-02-29,69,71.91,76.06,-4.150000000000006,1.0,560,D,-1.4955000000000007,0.0
2016-02-29,70,1870.66,5456.08,-3585.42,1.0,140,A,-104.16660000000003,0.0
2016-02-29,71,23.9,50.79,-26.89,1.0,937,A,-2.7645,0.0
2016-02-29,72,22.61,8.11,14.5,0.0,842,C,-30.947999999999993,0.0
2016-02-29,73,52.54,89.18,-36.64000000000001,1.0,760,B,3.3809999999999985,0.0
2016-02-29,74,873.49,741.13,132.36,0.0,907,C,-10.516199999999998,0.0
2016-02-29,75,22210.9,31784.71,-9573.809999999998,1.0,764,A,-5156.585099999999,0.0
2016-02-29,76,69932.84,62348.82,7584.019999999997,0.0,445,B,7670.735000000001,0.0
2016-02-29,77,74.5,884.95,-810.45,1.0,135,A,-23.6091,0.0
2016-02-29,78,275595.47,375498.98,-99903.51000000001,1.0,113,A,36087.02300000001,0.0
2016-02-29,79,546981.18,150619.99,396361.19000000006,0.0,673,A,57467.592000000004,0.0
2016-02-29,80,61157.19,13262.7,47894.490000000005,0.0,773,A,7392.568000000003,0.0
2016-02-29,81,34569.07,82377.13,-47808.060000000005,1.0,230,B,-6397.690799999999,0.0
2016-02-29,82,23157.04,84243.92,-61086.88,1.0,808,C,303.9252,0.0
2016-02-29,83,1942.41,864.54,1077.8700000000001,0.0,757,C,920.598,0.0
2016-02-29,84,41.28,29.68,11.600000000000001,0.0,660,B,-3.0072,0.0
2016-02-29,85,1241.44,1778.55,-537.1099999999999,1.0,346,A,553.0550000000001,0.0
2016-02-29,86,158403.79,168714.84,-10311.049999999988,1.0,833,E,40566.21900000001,0.0
2016-02-29,87,193.45,943.12,-749.6700000000001,1.0,512,C,-10.545300000000005,0.0
2016-02-29,88,799038.73,473888.64,325150.08999999997,0.0,941,A,40373.71799999999,0.0
2016-02-29,89,956150.97,116374.96,839776.01,0.0,780,B,60146.77,0.0
2016-02-29,90,7106.5,5316.54,1789.96,0.0,407,B,542.7120000000001,0.0
2016-02-29,91,8871.82,6243.69,2628.13,0.0,704,B,-76.75299999999997,0.0
2016-02-29,92,78720.64,85889.29,-7168.649999999994,1.0,260,C,-1474.3449,0.0
2016-02-29,93,98.28,28.19,70.09,0.0,433,A,6.53,0.0
2016-02-29,94,296.27,493.42,-197.15000000000003,1.0,576,A,1.0682999999999985,0.0
2016-02-29,95,2554.22,9074.14,-6519.92,1.0,994,B,-255.16619999999995,0.0
2016-02-29,96,196907.61,251425.58,-54517.97,1.0,898,A,20119.913000000004,0.0
2016-02-29,97,60267.88,18365.98,41901.899999999994,0.0,868,C,7659.8009999999995,0.0
2016-02-29,98,90895.55,77072.79,13822.76000000001,0.0,64,A,3874.9420000000014,0.0
2016-02-29,99,71673.72,68285.89,3387.8300000000017,0.0,564,B,7275.982,0.0
2016-03-31,0,10.04,80.89,-70.85,1.0,632,B,0.8408999999999998,0.0
2016-03-31,1,3748.92,3385.73,363.19000000000005,0.0,464,A,-631.221,0.0
2016-03-31,2,20.05,97.56,-77.51,1.0,970,A,-5.9499,0.0
2016-03-31,3,75290.39,59954.34,15336.050000000003,0.0,494,B,-22823.7045,0.0
2016-03-31,4,34.1,49.09,-14.990000000000002,1.0,347,A,3.9833999999999996,0.0
2016-03-31,5,97610.27,1680.01,95930.26000000001,0.0,755,A,3133.5080000000003,0.0
2016-03-31,6,1707.23,6848.04,-5140.8099999999995,1.0,304,A,131.5382999999999,0.0
2016-03-31,7,874.37,156.19,718.1800000000001,0.0,657,B,-443.40149999999994,0.0
2016-03-31,8,232341.98,252596.83,-20254.849999999977,1.0,552,C,-30470.850299999995,0.0
2016-03-31,9,96.42,27.81,68.61,0.0,53,B,-0.8150000000000006,0.0
2016-03-31,10,55.27,10.1,45.17,0.0,444,B,5.193000000000001,0.0
2016-03-31,11,744.23,569.57,174.65999999999997,0.0,419,B,71.379,0.0
2016-03-31,12,2598.43,3013.82,-415.3900000000003,1.0,392,A,580.102,0.0
2016-03-31,13,261.69,68.42,193.26999999999998,0.0,922,A,26.034899999999993,0.0
2016-03-31,14,674500.98,199405.02,475095.95999999996,0.0,284,B,79219.889,0.0
2016-03-31,15,4953.42,6576.81,-1623.3900000000003,1.0,69,A,-418.5807000000001,0.0
2016-03-31,16,657175.61,318279.51,338896.1,0.0,858,A,34757.37799999999,0.0
2016-03-31,17,58741.16,12442.29,46298.87,0.0,71,D,-2505.1290000000004,0.0
2016-03-31,18,246895.99,378390.63,-131494.64,1.0,986,A,44248.278999999995,0.0
2016-03-31,19,47998.25,39948.83,8049.419999999998,0.0,658,D,-691.9039999999994,0.0
2016-03-31,20,2573.91,5386.81,-2812.9000000000005,1.0,358,B,-2952.8133,0.0
2016-03-31,21,547164.7,123161.55,424003.14999999997,0.0,194,B,60806.85600000001,0.0
2016-03-31,22,432.74,27.05,405.69,0.0,829,B,44.27,0.0
2016-03-31,23,3668.56,8149.34,-4480.780000000001,1.0,19,A,207.77159999999998,0.0
2016-03-31,24,549.15,243.44,305.71,0.0,255,A,-73.3929,0.0
2016-03-31,25,126593.11,555046.67,-428453.56000000006,1.0,118,C,50864.948099999994,0.0
2016-03-31,26,4979.92,2516.3,2463.62,0.0,651,C,882.2959999999999,0.0
2016-03-31,27,,1197.19,5200.52,0.0,306,B,-171.11400000000003,0.0
2016-03-31,28,60307.55,61665.62,-1358.0699999999997,1.0,342,D,-996.1014,0.0
2016-03-31,29,46.78,81.82,-35.03999999999999,1.0,123,B,-39.150600000000004,0.0
2016-03-31,30,42.65,16.71,25.939999999999998,0.0,754,B,0.225,0.0
2016-03-31,31,266.93,727.08,-460.15000000000003,1.0,709,A,-33.068099999999994,0.0
2016-03-31,32,82717.13,88001.52,-5284.389999999999,1.0,319,A,12067.057,0.0
2016-03-31,33,86830.77,41272.67,45558.100000000006,0.0,304,B,1922.4490000000005,0.0
2016-03-31,34,28.89,19.42,9.469999999999999,0.0,839,D,5.329999999999999,0.0
2016-03-31,35,5162.75,4882.86,279.8900000000003,0.0,137,A,172.295,0.0
2016-03-31,36,8308.34,5157.95,3150.3900000000003,0.0,745,A,1148.298,0.0
2016-03-31,37,773.06,405.1,367.9599999999999,0.0,574,A,79.36900000000001,0.0
2016-03-31,38,21143.49,40391.45,-19247.959999999995,1.0,254,A,-8966.849999999999,0.0
2016-03-31,39,38767.84,36921.5,1846.3399999999965,0.0,416,A,-2867.7969000000003,0.0
2016-03-31,40,180.36,761.49,-581.13,1.0,972,B,22.65779999999999,0.0
2016-03-31,41,84974.56,56897.56,28077.0,0.0,272,A,-3113.813,0.0
2016-03-31,42,916.93,961.38,,1.0,908,A,77.702,0.0
2016-03-31,43,65.09,67.66,-2.569999999999993,1.0,455,A,-5.6994,0.0
2016-03-31,44,65503.18,86685.98,-21182.799999999996,1.0,571,B,3289.7892,0.0
2016-03-31,45,807506.67,238822.24,568684.43,0.0,967,B,143405.198,0.0
2016-03-31,46,755.1,452.22,302.88,0.0,405,B,-36.033,0.0
2016-03-31,47,999520.91,159038.09,840482.8200000001,0.0,675,B,169878.352,0.0
2016-03-31,48,71385.35,28538.73,42846.62000000001,0.0,58,B,7158.393000000003,0.0
2016-03-31,49,16728.69,316141.19,-299412.5,1.0,242,A,-7212.2697,0.0
2016-03-31,50,843905.07,171645.38,672259.69,0.0,517,A,134464.84,0.0
2016-03-31,51,62.39,90.07,-27.679999999999993,1.0,126,B,-0.7112999999999998,0.0
2016-03-31,52,264.58,434.21,-169.63,1.0,704,A,115.075,0.0
2016-03-31,53,89331.37,361009.82,-271678.45,1.0,18,E,-10183.213800000001,0.0
2016-03-31,54,213.97,223.87,-9.900000000000006,1.0,475,B,-94.2282,0.0
2016-03-31,55,12279.6,98318.51,-86038.90999999999,1.0,217,C,-10987.133699999998,0.0
2016-03-31,56,8431.4,9754.11,-1322.710000000001,1.0,402,A,-1366.2,0.0
2016-03-31,57,507123.54,103244.67,403878.87,0.0,527,B,82343.123,0.0
2016-03-31,58,1026.85,8014.11,-6987.26,1.0,180,A,-2933.6814000000004,0.0
2016-03-31,59,99.34,34.77,64.57,0.0,425,A,1.3639999999999988,0.0
2016-03-31,60,183842.41,197755.63,-13913.220000000001,,755,A,62084.174,0.0
2016-03-31,61,,,,,976,A,,1.0
2016-03-31,62,4147.37,1849.82,2297.55,0.0,828,B,350.17400000000004,0.0
2016-03-31,63,646.71,327.07,319.64000000000004,0.0,920,B,37.486999999999995,0.0
2016-03-31,64,3152.21,5028.62,-1876.4099999999999,1.0,831,A,490.10100000000006,0.0
2016-03-31,65,889727.49,329659.21,560068.28,0.0,505,A,18210.447000000004,0.0
2016-03-31,66,5633.14,1680.86,3952.2800000000007,0.0,806,A,-487.1659999999998,0.0
2016-03-31,67,97526.3,66613.76,30912.540000000008,0.0,783,C,6973.926000000001,0.0
2016-03-31,68,86.44,38.59,47.849999999999994,0.0,421,A,8.738999999999999,0.0
2016-03-31,69,54.2,20.88,33.32000000000001,0.0,560,D,0.6319999999999993,0.0
2016-03-31,70,6620.5,9328.05,-2707.5499999999993,1.0,140,A,-291.2577,0.0
2016-03-31,71,73.84,13.83,60.010000000000005,0.0,937,A,0.04900000000000091,0.0
2016-03-31,72,99.55,10.1,89.45,0.0,842,C,-41.91,0.0
2016-03-31,73,24.72,35.91,-11.189999999999998,1.0,760,B,3.8063999999999982,0.0
2016-03-31,74,902.83,490.93,411.90000000000003,0.0,907,C,30.281000000000006,0.0
2016-03-31,75,33547.01,34533.94,-986.9300000000003,1.0,764,A,-7908.092699999999,0.0
2016-03-31,76,53583.49,63377.45,-9793.96,1.0,445,B,6691.339000000002,0.0
2016-03-31,77,82.85,49.8,33.05,0.0,135,A,-46.578900000000004,0.0
2016-03-31,78,242886.65,,-38903.75000000003,1.0,113,A,34308.313500000004,0.0
2016-03-31,79,411760.05,285764.74,125995.31,0.0,673,A,70067.123,0.0
2016-03-31,80,95024.77,79707.66,15317.11,0.0,773,A,8924.279000000002,0.0
2016-03-31,81,61803.71,34098.84,27704.870000000003,0.0,230,B,-9482.510999999999,0.0
2016-03-31,82,92197.46,37385.98,54811.48,0.0,808,C,2933.346000000001,0.0
2016-03-31,83,1367.8,1772.55,-404.75,1.0,757,C,880.123,0.0
2016-03-31,84,52.84,8.43,44.410000000000004,0.0,660,B,0.009000000000000341,0.0
2016-03-31,85,1560.2,48629.98,-47069.780000000006,1.0,346,A,-898.2306000000001,0.0
2016-03-31,86,408202.73,359881.24,48321.48999999999,0.0,833,E,45398.36800000001,0.0
2016-03-31,87,265.45,95.62,169.82999999999998,0.0,512,C,-21.968100000000007,0.0
2016-03-31,88,413492.73,264419.36,149073.37,0.0,941,A,55281.05499999999,0.0
2016-03-31,89,203252.3,424156.84,-220904.54000000004,1.0,780,B,38056.31599999999,0.0
2016-03-31,90,7286.56,853.95,6432.610000000001,0.0,407,B,1185.9730000000002,0.0
2016-03-31,91,6937.19,8540.45,-1603.2600000000011,1.0,704,B,-196.01940000000002,0.0
2016-03-31,92,48921.13,91758.0,-42836.87,1.0,260,C,-3604.1532,0.0
2016-03-31,93,26.22,230.39,-204.17,1.0,433,A,-2.3508000000000004,0.0
2016-03-31,94,477.72,908.36,-430.64,1.0,576,A,-14.274000000000001,0.0
2016-03-31,95,4831.9,2644.41,2187.49,0.0,994,B,-414.9233999999999,0.0
2016-03-31,96,252339.2,377863.33,-125524.13,1.0,898,A,15977.736900000004,0.0
2016-03-31,97,18153.82,85107.9,-66954.07999999999,1.0,868,C,3628.1414999999997,0.0
2016-03-31,98,22707.15,35726.82,-13019.669999999998,1.0,64,A,2682.174900000001,0.0
2016-03-31,99,39854.12,89279.26,-49425.13999999999,1.0,564,B,4963.994699999999,0.0
2016-04-30,0,45.02,16.98,28.040000000000003,0.0,632,B,1.67,0.0
2016-04-30,1,7122.42,51246.35,-44123.93,1.0,464,A,-2203.0659,0.0
2016-04-30,2,47.98,17.32,30.659999999999997,0.0,970,A,-8.6616,0.0
2016-04-30,3,99617.73,6425.17,93192.56,0.0,494,B,-14940.463000000002,0.0
2016-04-30,4,55.46,115.03,-59.57,1.0,347,A,3.2423999999999995,0.0
2016-04-30,5,81011.09,51335.36,29675.729999999996,0.0,755,A,6101.081,0.0
2016-04-30,6,,9572.94,-5901.14,1.0,304,A,-139.27290000000013,0.0
2016-04-30,7,670.2,657.12,13.080000000000041,0.0,657,B,-649.2389999999999,0.0
2016-04-30,8,146486.72,443861.74,-297375.02,1.0,552,C,-50168.13269999999,0.0
2016-04-30,9,33.24,86.37,-53.13,1.0,53,B,-6.128000000000001,0.0
2016-04-30,10,22.41,27.76,-5.350000000000001,1.0,444,B,4.658,0.0
2016-04-30,11,965.86,293.68,672.1800000000001,0.0,419,B,138.597,0.0
2016-04-30,12,5461.53,8901.18,-3439.6500000000005,,392,A,510.42,0.0
2016-04-30,13,752.62,52.43,700.19,0.0,922,A,95.642,0.0
2016-04-30,14,521574.66,310477.23,211097.43,0.0,284,B,100329.63199999998,0.0
2016-04-30,15,9993.74,7729.27,2264.4699999999993,0.0,69,A,-327.32600000000025,0.0
2016-04-30,16,849963.97,417938.24,432025.73,0.0,858,A,77959.95099999999,0.0
2016-04-30,17,31297.12,31965.97,-668.8500000000022,1.0,71,D,-2572.0140000000006,0.0
2016-04-30,18,952953.96,290290.69,662663.27,0.0,986,A,110514.60600000001,0.0
2016-04-30,19,12192.7,76084.35,-63891.65000000001,1.0,658,D,-3319.9085999999998,0.0
2016-04-30,20,4276.6,4140.15,136.45000000000073,0.0,358,B,-3248.7450000000003,0.0
2016-04-30,21,981775.15,265550.0,716225.15,0.0,194,B,132429.371,0.0
2016-04-30,22,362.54,111.78,250.76000000000002,0.0,829,B,69.346,0.0
2016-04-30,23,5240.96,37654.61,-32413.65,1.0,19,A,-832.1985,0.0
2016-04-30,24,624.34,896.2,-271.86,1.0,255,A,-105.303,0.0
2016-04-30,25,860989.99,160884.69,700105.3,0.0,118,C,116552.725,0.0
2016-04-30,26,8816.93,3130.42,5686.51,0.0,651,C,1450.9470000000001,0.0
2016-04-30,27,9398.63,9858.98,-460.35000000000036,1.0,306,B,-217.1490000000001,0.0
2016-04-30,28,25618.31,25765.24,-146.9300000000003,1.0,342,D,-1306.8970000000002,0.0
2016-04-30,29,58.21,35.34,,0.0,123,B,-57.9825,0.0
2016-04-30,30,,,,,754,B,,1.0
2016-04-30,31,835.43,471.57,363.85999999999996,0.0,709,A,-40.53,0.0
2016-04-30,32,47296.01,151721.35,-104425.34,1.0,319,A,9534.223199999999,0.0
2016-04-30,33,33105.25,70851.61,-37746.36,1.0,304,B,-1852.1869999999997,0.0
2016-04-30,34,23.89,83.08,-59.19,1.0,839,D,3.732599999999999,0.0
2016-04-30,35,8644.7,7959.74,684.960000000001,0.0,137,A,240.79100000000008,0.0
2016-04-30,36,2285.68,9249.22,-6963.539999999999,1.0,745,A,784.5834,0.0
2016-04-30,37,415.21,460.79,-45.58000000000004,1.0,574,A,75.69900000000001,0.0
2016-04-30,38,80109.86,23524.62,56585.240000000005,0.0,254,A,-7176.792999999998,0.0
2016-04-30,39,45373.45,42130.73,3242.719999999994,0.0,416,A,-2560.165000000002,0.0
2016-04-30,40,909.54,381.01,528.53,0.0,972,B,33.49799999999998,0.0
2016-04-30,41,71758.43,72663.48,-905.0500000000029,1.0,272,A,-3204.318,0.0
2016-04-30,42,192.19,665.27,-473.08,1.0,908,A,71.2608,0.0
2016-04-30,43,42.2,71.3,-29.099999999999994,1.0,455,A,-8.448599999999999,0.0
2016-04-30,44,93968.55,17477.17,76491.38,0.0,571,B,9298.461000000001,0.0
2016-04-30,45,646995.46,283256.73,363738.73,0.0,967,B,179779.071,0.0
2016-04-30,46,482.83,361.44,121.38999999999999,0.0,405,B,-34.001,0.0
2016-04-30,47,943251.62,270811.49,672440.13,0.0,675,B,237122.365,0.0
2016-04-30,48,99724.23,45099.76,54624.469999999994,0.0,58,B,12620.840000000004,0.0
2016-04-30,49,53318.75,56692.28,-3373.529999999999,1.0,242,A,-15630.1956,0.0
2016-04-30,50,882778.72,,630356.7999999999,0.0,517,A,197500.52,0.0
2016-04-30,51,82.46,55.04,27.419999999999995,0.0,126,B,1.9410000000000005,0.0
2016-04-30,52,789.03,428.47,360.55999999999995,0.0,704,A,151.131,0.0
2016-04-30,53,41042.72,11047.57,29995.15,0.0,18,E,-18022.8627,0.0
2016-04-30,54,257.49,141.17,116.32000000000002,0.0,475,B,-116.05900000000003,0.0
2016-04-30,55,83899.97,68540.43,15359.540000000008,0.0,217,C,-16568.207399999996,0.0
2016-04-30,56,3874.62,7782.87,-3908.25,1.0,402,A,-1928.878,0.0
2016-04-30,57,969747.96,131499.83,838248.13,0.0,527,B,166167.936,0.0
2016-04-30,58,8194.38,1280.6,6913.779999999999,0.0,180,A,-3062.1890000000008,0.0
2016-04-30,59,15.28,93.0,-77.72,1.0,425,A,-2.871600000000001,0.0
2016-04-30,60,398414.02,100017.47,298396.55000000005,0.0,755,A,91923.82900000001,0.0
2016-04-30,61,,,,,976,A,,1.0
2016-04-30,62,7103.59,8736.71,-1633.119999999999,1.0,828,B,187.77330000000003,0.0
2016-04-30,63,725.36,609.91,115.45000000000005,0.0,920,B,49.032000000000004,0.0
2016-04-30,64,3134.22,127.73,3006.49,0.0,831,A,790.75,0.0
2016-04-30,65,585233.11,208226.58,377006.53,0.0,505,A,55911.100000000006,0.0
2016-04-30,66,7568.33,1636.63,5931.7,0.0,806,A,106.00400000000019,0.0
2016-04-30,67,66834.03,95232.12,-28398.089999999997,1.0,783,C,5227.3266,0.0
2016-04-30,68,11.08,55.68,-44.6,1.0,421,A,4.911899999999999,0.0
2016-04-30,69,85.04,96.21,-11.169999999999987,1.0,560,D,-0.48499999999999943,0.0
2016-04-30,70,8959.11,6765.48,2193.630000000001,0.0,140,A,-404.2739999999999,0.0
2016-04-30,71,73.32,96.82,-23.5,1.0,937,A,-2.3009999999999993,0.0
2016-04-30,72,12.76,51.13,-38.370000000000005,1.0,842,C,-45.747,0.0
2016-04-30,73,68.15,24.67,43.480000000000004,0.0,760,B,6.609999999999999,0.0
2016-04-30,74,916.14,2714.56,-1798.42,1.0,907,C,-46.300200000000004,0.0
2016-04-30,75,49115.02,37916.18,11198.839999999997,0.0,764,A,-8051.807999999999,0.0
2016-04-30,76,31200.69,61525.12,-30324.430000000004,1.0,445,B,7479.990900000001,0.0
2016-04-30,77,44.95,52.69,-7.739999999999995,1.0,135,A,-69.7809,0.0
2016-04-30,78,672063.24,170469.71,501593.53,0.0,113,A,82356.001,0.0
2016-04-30,79,217036.11,207157.15,9878.959999999992,0.0,673,A,71055.019,0.0
2016-04-30,80,82308.67,31071.79,51236.88,0.0,773,A,14047.967000000002,0.0
2016-04-30,81,78968.09,17158.2,61809.89,0.0,230,B,-4101.745,0.0
2016-04-30,82,63040.8,46371.38,16669.420000000006,0.0,808,C,4600.288000000001,0.0
2016-04-30,83,3456.43,1810.74,1645.6899999999998,0.0,757,C,1097.4672,0.0
2016-04-30,84,49.08,36.6,12.479999999999997,0.0,660,B,1.2570000000000001,0.0
2016-04-30,85,8393.36,7759.34,634.0200000000004,0.0,346,A,-2125.3869000000004,0.0
2016-04-30,86,815741.73,241289.82,574451.9099999999,0.0,833,E,102843.55900000001,0.0
2016-04-30,87,637.86,429.98,207.88,0.0,512,C,-17.288000000000018,0.0
2016-04-30,88,118549.08,250173.81,-131624.72999999998,1.0,941,A,43689.619199999994,0.0
2016-04-30,89,626229.61,225267.35,400962.26,0.0,780,B,78152.542,0.0
2016-04-30,90,1903.27,5493.38,-3590.11,1.0,407,B,875.8089000000001,0.0
2016-04-30,91,7026.39,5725.67,1300.7200000000003,0.0,704,B,-107.00700000000006,0.0
2016-04-30,92,43867.69,52472.18,-8604.489999999998,1.0,260,C,-5992.0962,0.0
2016-04-30,93,37.25,32.3,4.950000000000003,0.0,433,A,-6.368400000000001,0.0
2016-04-30,94,259.31,407.18,-147.87,1.0,576,A,-34.0524,0.0
2016-04-30,95,1840.58,1060.3,780.28,0.0,994,B,-454.49600000000004,0.0
2016-04-30,96,320034.49,198626.62,121407.87,0.0,898,A,21890.223000000005,0.0
2016-04-30,97,98240.81,31014.67,67226.14,0.0,868,C,7687.007000000001,0.0
2016-04-30,98,26274.53,1022.76,25251.77,0.0,64,A,5098.152000000002,0.0
2016-04-30,99,34430.29,81054.79,-46624.49999999999,1.0,564,B,4265.3000999999995,0.0
2016-05-31,0,71.99,30.1,41.88999999999999,0.0,632,B,5.858999999999999,0.0
2016-05-31,1,5845.8,6401.82,-556.0199999999995,1.0,464,A,-3791.5914000000002,0.0
2016-05-31,2,39.04,37.13,1.9099999999999966,0.0,970,A,-8.848000000000003,0.0
2016-05-31,3,32811.13,25673.41,7137.7199999999975,0.0,494,B,-14226.691,0.0
2016-05-31,4,84.63,63.59,21.039999999999992,0.0,347,A,3.132599999999999,0.0
2016-05-31,5,94773.23,15907.16,78866.06999999999,0.0,755,A,13987.688000000002,0.0
2016-05-31,6,5070.24,4003.28,1066.9599999999996,0.0,304,A,-378.0753000000002,0.0
2016-05-31,7,835.05,814.24,20.809999999999945,0.0,657,B,-684.0440000000001,0.0
2016-05-31,8,287195.06,551406.73,-264211.67,1.0,552,C,-77791.7652,0.0
2016-05-31,9,,,,,53,B,,1.0
2016-05-31,10,85.38,35.36,50.019999999999996,0.0,444,B,9.66,0.0
2016-05-31,11,,,,,419,B,,1.0
2016-05-31,12,1329.6,3632.77,-2303.17,1.0,392,A,512.1659999999999,0.0
2016-05-31,13,416.38,455.47,-39.09000000000003,1.0,922,A,91.733,0.0
2016-05-31,14,743307.78,321938.93,421368.85000000003,0.0,284,B,142466.517,0.0
2016-05-31,15,7417.0,7809.94,-392.9399999999996,1.0,69,A,-366.6200000000002,0.0
2016-05-31,16,606421.0,117794.49,488626.51,0.0,858,A,126822.60200000001,0.0
2016-05-31,17,97276.39,79014.57,18261.819999999992,0.0,71,D,-745.8320000000011,0.0
2016-05-31,18,544802.62,102775.28,442027.33999999997,0.0,986,A,154717.34,0.0
2016-05-31,19,91671.56,82240.79,9430.770000000004,0.0,658,D,-5161.306199999999,0.0
2016-05-31,20,2038.08,8239.83,-6201.75,1.0,358,B,-3868.92,0.0
2016-05-31,21,329844.95,203997.44,125847.51000000001,0.0,194,B,145014.122,0.0
2016-05-31,22,682.05,80.59,601.4599999999999,0.0,829,B,129.49200000000002,0.0
2016-05-31,23,4715.11,8374.13,-3659.0199999999995,1.0,19,A,-1981.9391999999998,0.0
2016-05-31,24,759.58,177.83,581.75,0.0,255,A,-48.19200000000001,0.0
2016-05-31,25,512023.47,439697.39,72326.07999999996,0.0,118,C,123785.33300000001,0.0
2016-05-31,26,9665.73,9585.83,79.89999999999964,0.0,651,C,1458.937,0.0
2016-05-31,27,,,,,306,B,,1.0
2016-05-31,28,49488.37,49252.29,236.08000000000175,0.0,342,D,-1283.289,0.0
2016-05-31,29,60.91,51.65,9.259999999999998,0.0,123,B,-61.84700000000001,0.0
2016-05-31,30,,,,,754,B,,1.0
2016-05-31,31,674.33,785.55,-111.21999999999991,1.0,709,A,-51.652,0.0
2016-05-31,32,86088.09,30892.23,55195.86,0.0,319,A,11677.455899999999,0.0
2016-05-31,33,91715.46,49282.05,42433.41,0.0,304,B,2391.154000000001,0.0
2016-05-31,34,72.98,76.75,-3.769999999999996,1.0,839,D,3.4427999999999988,0.0
2016-05-31,35,9523.9,1634.18,,0.0,137,A,1029.7630000000001,0.0
2016-05-31,36,4912.96,5964.75,-1051.79,1.0,745,A,888.6129,0.0
2016-05-31,37,,,,,574,A,,1.0
2016-05-31,38,64893.93,289290.14,-224396.21000000002,1.0,254,A,-20004.812099999996,0.0
2016-05-31,39,95359.11,24031.79,71327.32,0.0,416,A,4572.566999999999,0.0
2016-05-31,40,648.24,342.58,305.66,0.0,972,B,64.064,0.0
2016-05-31,41,13917.2,66683.83,-52766.630000000005,1.0,272,A,-8092.068299999999,0.0
2016-05-31,42,638.3,487.55,150.74999999999994,0.0,908,A,84.9015,0.0
2016-05-31,43,53.89,32.83,21.060000000000002,0.0,455,A,-7.057999999999999,0.0
2016-05-31,44,47342.23,19675.07,27667.160000000003,0.0,571,B,12065.177000000003,0.0
2016-05-31,45,256593.31,419476.72,-162883.40999999997,1.0,967,B,186738.76649999997,0.0
2016-05-31,46,777.64,233.43,544.21,0.0,405,B,20.420000000000005,0.0
2016-05-31,47,201197.43,710578.69,-509381.25999999995,1.0,675,B,215326.49219999998,0.0
2016-05-31,48,56524.6,84829.41,-28304.810000000005,1.0,58,B,11353.408200000002,0.0
2016-05-31,49,37040.49,21828.67,15211.82,0.0,242,A,-23591.7669,0.0
2016-05-31,50,141461.97,384132.68,-242670.71,1.0,517,A,183176.63069999998,0.0
2016-05-31,51,47.0,36.31,10.689999999999998,0.0,126,B,3.0100000000000002,0.0
2016-05-31,52,381.2,764.81,-383.60999999999996,1.0,704,A,169.63530000000003,0.0
2016-05-31,53,70107.17,41044.75,29062.42,0.0,18,E,-23225.921000000002,0.0
2016-05-31,54,197.3,545.41,-348.10999999999996,1.0,475,B,-150.87,0.0
2016-05-31,55,38688.91,359851.48,-321162.56999999995,1.0,217,C,-31784.15819999999,0.0
2016-05-31,56,8092.29,6280.8,1811.4899999999998,0.0,402,A,-1747.7290000000003,0.0
2016-05-31,57,157179.71,236900.03,-79720.32,1.0,527,B,158195.90399999998,0.0
2016-05-31,58,9956.42,8645.04,1311.3799999999992,0.0,180,A,-2931.0510000000013,0.0
2016-05-31,59,87.53,4.11,83.42,0.0,425,A,1.933999999999999,0.0
2016-05-31,60,531577.87,193709.02,337868.85,0.0,755,A,125710.71400000002,0.0
2016-05-31,61,,,,,976,A,,1.0
2016-05-31,62,7899.99,7551.47,348.5199999999995,0.0,828,B,254.28750000000005,0.0
2016-05-31,63,955.43,197.82,757.6099999999999,0.0,920,B,124.79299999999999,0.0
2016-05-31,64,7863.14,3946.69,3916.4500000000003,0.0,831,A,1182.3950000000002,0.0
2016-05-31,65,447743.65,269235.85,178507.80000000005,0.0,505,A,73761.88,0.0
2016-05-31,66,2976.66,5584.28,-2607.62,1.0,806,A,-154.7579999999998,0.0
2016-05-31,67,99450.05,297791.05,-198341.0,1.0,783,C,517.3317000000006,0.0
2016-05-31,68,90.21,85.82,4.390000000000001,0.0,421,A,6.327299999999999,0.0
2016-05-31,69,56.26,93.08,-36.82,1.0,560,D,-2.7015000000000002,0.0
2016-05-31,70,1120.91,4953.77,-3832.8600000000006,1.0,140,A,-648.8079,0.0
2016-05-31,71,48.5,71.94,-23.439999999999998,1.0,937,A,-4.644999999999999,0.0
2016-05-31,72,50.58,18.16,32.42,0.0,842,C,-42.504999999999995,0.0
2016-05-31,73,65.62,65.23,0.39000000000000057,0.0,760,B,7.784099999999998,0.0
2016-05-31,74,428.34,434.28,-5.939999999999998,1.0,907,C,-91.3467,0.0
2016-05-31,75,84523.28,5714.57,78808.70999999999,0.0,764,A,-170.93699999999956,0.0
2016-05-31,76,49104.62,33730.76,15373.86,0.0,445,B,9038.8755,0.0
2016-05-31,77,34.02,56.7,-22.68,1.0,135,A,-79.608,0.0
2016-05-31,78,246711.46,114211.84,132499.62,0.0,113,A,95605.963,0.0
2016-05-31,79,821939.35,250643.26,571296.09,0.0,673,A,128184.62799999998,0.0
2016-05-31,80,74189.93,80061.32,-5871.390000000014,1.0,773,A,13928.628300000002,0.0
2016-05-31,81,45565.19,20830.13,24735.06,0.0,230,B,-1628.2389999999996,0.0
2016-05-31,82,37898.18,4584.57,33313.61,0.0,808,C,7931.649000000002,0.0
2016-05-31,83,3710.73,6843.93,-3133.2000000000003,1.0,757,C,1316.8788,0.0
2016-05-31,84,93.76,27.97,65.79,0.0,660,B,7.836000000000002,0.0
2016-05-31,85,7824.76,7329.03,495.7300000000005,0.0,346,A,-3337.6713000000004,0.0
2016-05-31,86,400930.81,492565.27,-91634.46000000002,1.0,833,E,97225.6749,0.0
2016-05-31,87,332.88,619.5,-286.62,1.0,512,C,-40.93950000000002,0.0
2016-05-31,88,830907.78,369330.49,461577.29000000004,0.0,941,A,88276.311,0.0
2016-05-31,89,726486.01,105942.92,620543.09,0.0,780,B,140206.851,0.0
2016-05-31,90,2407.16,9873.35,-7466.1900000000005,1.0,407,B,899.9118000000001,0.0
2016-05-31,91,5907.26,165.44,5741.820000000001,0.0,704,B,467.175,0.0
2016-05-31,92,71086.96,75732.63,-4645.669999999998,1.0,260,C,-8424.377,0.0
2016-05-31,93,71.5,61.4,10.100000000000001,0.0,433,A,-10.083000000000002,0.0
2016-05-31,94,900.48,795.84,104.63999999999999,0.0,576,A,-50.691599999999994,0.0
2016-05-31,95,2931.38,5452.46,-2521.08,1.0,994,B,-706.604,0.0
2016-05-31,96,,,,,898,A,,1.0
2016-05-31,97,86551.28,30548.96,56002.32,0.0,868,C,13287.239000000001,0.0
2016-05-31,98,62380.69,10841.02,51539.67,,64,A,10252.119000000002,0.0
2016-05-31,99,96483.45,97358.69,-875.2400000000052,1.0,564,B,3540.3482999999997,0.0
2016-06-30,0,71.3,58.28,13.019999999999996,0.0,632,B,7.160999999999999,0.0
2016-06-30,1,2229.72,2782.29,-552.5700000000002,1.0,464,A,-5350.342000000001,0.0
2016-06-30,2,63.77,586.46,-522.69,1.0,970,A,-29.6511,0.0
2016-06-30,3,77571.0,79836.68,-2265.679999999993,1.0,494,B,-14453.259,0.0
2016-06-30,4,77.61,60.34,17.269999999999996,0.0,347,A,3.540899999999999,0.0
2016-06-30,5,93435.48,56530.18,36905.299999999996,0.0,755,A,17678.218,0.0
2016-06-30,6,2062.46,42052.52,-39990.06,1.0,304,A,-1816.5795,0.0
2016-06-30,7,683.68,763.9,-80.22000000000003,1.0,657,B,-692.0660000000001,0.0
2016-06-30,8,752264.71,325796.74,426467.97,0.0,552,C,-49431.978,0.0
2016-06-30,9,,,,,53,B,,1.0
2016-06-30,10,87.7,33.24,54.46,0.0,444,B,15.106000000000002,0.0
2016-06-30,11,,,,,419,B,,1.0
2016-06-30,12,8745.6,60674.91,-51929.310000000005,1.0,392,A,-1043.9673000000003,0.0
2016-06-30,13,506.11,210.74,295.37,0.0,922,A,121.26999999999998,0.0
2016-06-30,14,802006.28,186856.16,615150.12,0.0,284,B,203981.529,0.0
2016-06-30,15,2629.24,1054.78,1574.4599999999998,0.0,69,A,-209.17400000000018,0.0
2016-06-30,16,333608.26,18085.12,315523.14,,858,A,158374.91600000003,0.0
2016-06-30,17,74068.55,21645.47,52423.08,0.0,71,D,4496.476,0.0
2016-06-30,18,687612.25,335541.46,352070.79,0.0,986,A,189924.419,0.0
2016-06-30,19,,51378.24,26277.22000000001,0.0,658,D,-3510.269999999999,0.0
2016-06-30,20,1994.2,5222.64,-3228.4400000000005,1.0,358,B,-4191.764,0.0
2016-06-30,21,691884.36,363504.03,328380.32999999996,0.0,194,B,177852.155,0.0
2016-06-30,22,247.7,661.95,-414.25000000000006,1.0,829,B,124.1883,0.0
2016-06-30,23,1105.55,3979.78,-2874.2300000000005,1.0,19,A,-3217.9067999999997,0.0
2016-06-30,24,151.97,544.88,-392.90999999999997,1.0,255,A,-87.483,0.0
2016-06-30,25,220826.45,483366.49,-262540.04,1.0,118,C,152225.76419999998,0.0
2016-06-30,26,8525.14,9975.39,-1450.25,1.0,651,C,1829.0594999999998,0.0
2016-06-30,27,,,,,306,B,,1.0
2016-06-30,28,25120.81,95765.6,-70644.79000000001,1.0,342,D,-4277.4876,0.0
2016-06-30,29,31.27,39.3,-8.029999999999998,1.0,123,B,-62.650000000000006,0.0
2016-06-30,30,,,,,754,B,,1.0
2016-06-30,31,953.72,523.41,430.31000000000006,0.0,709,A,-8.620999999999993,0.0
2016-06-30,32,25393.47,48093.58,-22700.11,1.0,319,A,13139.6853,0.0
2016-06-30,33,63920.52,53070.17,10850.349999999999,0.0,304,B,3476.1890000000008,0.0
2016-06-30,34,67.6,14.42,53.17999999999999,0.0,839,D,4.748399999999998,0.0
2016-06-30,35,4349.94,,-5531.56,1.0,137,A,651.4034999999999,0.0
2016-06-30,36,3168.08,2842.34,325.7399999999998,0.0,745,A,1002.4146,0.0
2016-06-30,37,,,,,574,A,,1.0
2016-06-30,38,,,,,254,A,,1.0
2016-06-30,39,10253.29,20824.2,-10570.91,1.0,416,A,3515.4759999999997,0.0
2016-06-30,40,915.32,654.69,260.63,0.0,972,B,90.127,0.0
2016-06-30,41,91041.96,87427.37,3614.590000000011,0.0,272,A,-8119.521999999999,0.0
2016-06-30,42,519.72,686.02,-166.29999999999995,1.0,908,A,93.5532,0.0
2016-06-30,43,76.71,98.94,-22.230000000000004,1.0,455,A,-9.280999999999999,0.0
2016-06-30,44,21825.3,73238.66,-51413.36,1.0,571,B,11776.032900000002,0.0
2016-06-30,45,110153.21,200160.33,-90007.11999999998,1.0,967,B,233085.77189999996,0.0
2016-06-30,46,605.91,872.38,-266.47,1.0,405,B,-6.2269999999999985,0.0
2016-06-30,47,357013.4,333777.53,23235.869999999995,0.0,675,B,271878.83999999997,0.0
2016-06-30,48,,,,,58,B,,1.0
2016-06-30,49,63717.71,9796.34,53921.369999999995,0.0,242,A,-21146.434000000005,0.0
2016-06-30,50,330195.37,193651.52,136543.85,0.0,517,A,239242.98089999997,0.0
2016-06-30,51,55.35,30.82,24.53,0.0,126,B,5.463000000000001,0.0
2016-06-30,52,477.43,934.74,-457.31,1.0,704,A,189.74700000000004,0.0
2016-06-30,53,84714.68,23035.03,61679.649999999994,0.0,18,E,-17057.956000000002,0.0
2016-06-30,54,400.72,792.15,-391.42999999999995,1.0,475,B,-190.01300000000003,0.0
2016-06-30,55,37812.72,51334.59,-13521.869999999995,1.0,217,C,-47405.76509999999,0.0
2016-06-30,56,7572.16,3424.63,4147.53,0.0,402,A,-1332.9760000000003,0.0
2016-06-30,57,862268.79,232776.58,629492.2100000001,0.0,527,B,221145.125,0.0
2016-06-30,58,8345.46,22639.48,-14294.02,1.0,180,A,-4360.453000000001,0.0
2016-06-30,59,12.23,36.14,-23.91,1.0,425,A,-0.4570000000000011,0.0
2016-06-30,60,286506.66,394489.1,-107982.44,1.0,755,A,142546.2453,0.0
2016-06-30,61,,,,,976,A,,1.0
2016-06-30,62,2671.96,7883.45,-5211.49,1.0,828,B,164.45700000000008,0.0
2016-06-30,63,441.91,961.73,-519.8199999999999,1.0,920,B,87.43919999999999,0.0
2016-06-30,64,3261.44,67083.25,-63821.81,1.0,831,A,-637.4324999999999,0.0
2016-06-30,65,826381.73,424517.85,401863.88,0.0,505,A,113948.26800000003,0.0
2016-06-30,66,3640.48,6678.67,-3038.19,1.0,806,A,-458.5769999999999,0.0
2016-06-30,67,69342.42,47343.56,21998.86,0.0,783,C,-3532.697399999998,0.0
2016-06-30,68,42.26,25.26,16.999999999999996,0.0,421,A,8.252699999999999,0.0
2016-06-30,69,67.75,65.12,2.6299999999999955,0.0,560,D,-3.8727,0.0
2016-06-30,70,5513.02,4046.45,1466.5700000000006,0.0,140,A,-640.9029999999999,0.0
2016-06-30,71,,,,,937,A,,1.0
2016-06-30,72,51.51,66.0,-14.490000000000002,1.0,842,C,-43.954,0.0
2016-06-30,73,60.27,45.98,14.290000000000006,0.0,760,B,10.207499999999998,0.0
2016-06-30,74,901.17,741.34,159.82999999999993,0.0,907,C,-131.5983,0.0
2016-06-30,75,80053.15,67772.63,12280.51999999999,0.0,764,A,1057.1149999999996,0.0
2016-06-30,76,24743.17,41878.54,-17135.370000000003,1.0,445,B,10083.699,0.0
2016-06-30,77,19.53,14.49,5.040000000000001,0.0,135,A,-79.10400000000001,0.0
2016-06-30,78,196554.09,196934.03,-379.9400000000023,1.0,113,A,116367.2934,0.0
2016-06-30,79,494108.02,443423.16,50684.860000000044,0.0,673,A,143357.68469999998,0.0
2016-06-30,80,68378.35,55061.95,13316.400000000009,0.0,773,A,18366.368700000003,0.0
2016-06-30,81,50359.54,2728.14,47631.4,0.0,230,B,3134.9010000000007,0.0
2016-06-30,82,60707.51,11023.08,49684.43,0.0,808,C,12900.092000000002,0.0
2016-06-30,83,9956.78,8523.05,1433.7300000000014,0.0,757,C,1579.3022999999998,0.0
2016-06-30,84,63.58,73.4,-9.820000000000007,1.0,660,B,6.854000000000001,0.0
2016-06-30,85,,,,,346,A,,1.0
2016-06-30,86,236290.46,357751.04,-121460.57999999999,1.0,833,E,121685.8914,0.0
2016-06-30,87,605.58,739.35,-133.76999999999998,1.0,512,C,-58.73760000000002,0.0
2016-06-30,88,980160.94,343863.97,636296.97,0.0,941,A,151906.008,0.0
2016-06-30,89,923041.18,324400.48,598640.7000000001,0.0,780,B,200070.921,0.0
2016-06-30,90,5836.15,6406.23,-570.0799999999999,1.0,407,B,906.9123000000001,0.0
2016-06-30,91,8576.83,3188.83,5388.0,0.0,704,B,1005.975,0.0
2016-06-30,92,92537.03,80053.9,,0.0,260,C,-7176.064,0.0
2016-06-30,93,77.88,28.62,49.25999999999999,0.0,433,A,-7.456000000000003,0.0
2016-06-30,94,555.65,384.63,171.01999999999998,0.0,576,A,-38.362,0.0
2016-06-30,95,2971.7,9054.06,-6082.36,1.0,994,B,-1157.7053999999998,0.0
2016-06-30,96,,,,,898,A,,1.0
2016-06-30,97,75565.55,481004.09,-405438.54000000004,1.0,868,C,1743.4308,0.0
2016-06-30,98,71877.68,52193.21,19684.469999999994,0.0,64,A,12220.566,0.0
2016-06-30,99,78856.08,48849.09,30006.990000000005,0.0,564,B,3715.6061999999997,0.0
2016-07-31,0,42.79,,30.14,0.0,632,B,10.174999999999999,0.0
2016-07-31,1,4793.12,1127.33,3665.79,0.0,464,A,-4983.763,0.0
2016-07-31,2,78.92,27.89,51.03,0.0,970,A,-46.4553,0.0
2016-07-31,3,17199.51,60003.69,-42804.18000000001,,494,B,-18733.677000000003,0.0
2016-07-31,4,49.97,21.93,28.04,0.0,347,A,4.790399999999998,0.0
2016-07-31,5,63942.13,14764.91,49177.22,0.0,755,A,22595.940000000002,0.0
2016-07-31,6,9370.98,6509.34,2861.6399999999994,0.0,304,A,-3169.2345,0.0
2016-07-31,7,,,,,657,B,,1.0
2016-07-31,8,117638.96,276365.82,-158726.86,1.0,552,C,-65304.664000000004,0.0
2016-07-31,9,,,,,53,B,,1.0
2016-07-31,10,96.62,44.53,52.09,0.0,444,B,20.315,0.0
2016-07-31,11,,,,,419,B,,1.0
2016-07-31,12,8885.79,1752.73,7133.060000000001,0.0,392,A,-2386.1088,0.0
2016-07-31,13,756.32,576.29,180.0300000000001,0.0,922,A,160.41029999999998,0.0
2016-07-31,14,366806.51,188961.62,177844.89,0.0,284,B,253929.441,0.0
2016-07-31,15,7785.63,7859.0,-73.36999999999989,1.0,69,A,-216.51100000000017,0.0
2016-07-31,16,265528.17,303412.49,-37884.32000000001,1.0,858,A,159703.5087,0.0
2016-07-31,17,51597.04,42801.49,8795.550000000003,0.0,71,D,5376.031,0.0
2016-07-31,18,426630.98,279129.16,147501.82,0.0,986,A,241939.16519999996,0.0
2016-07-31,19,31983.01,44531.7,-12548.689999999999,1.0,658,D,-4765.138999999998,0.0
2016-07-31,20,6610.55,3221.82,3388.73,0.0,358,B,-3852.8909999999996,0.0
2016-07-31,21,319393.39,100672.46,218720.93,0.0,194,B,230987.74289999998,0.0
2016-07-31,22,722.27,252.76,469.51,0.0,829,B,164.6937,0.0
2016-07-31,23,7471.21,8123.23,-652.0199999999995,1.0,19,A,-4185.094,0.0
2016-07-31,24,150.83,318.41,-167.58,1.0,255,A,-104.24100000000001,0.0
2016-07-31,25,940356.81,444030.97,496325.8400000001,0.0,118,C,196374.93809999997,0.0
2016-07-31,26,7386.58,7776.25,-389.6700000000001,1.0,651,C,2211.5429999999997,0.0
2016-07-31,27,,,,,306,B,,1.0
2016-07-31,28,59452.36,94048.55,-34596.19,1.0,342,D,-7819.7037,0.0
2016-07-31,29,44.24,39.94,4.300000000000004,0.0,123,B,-62.220000000000006,0.0
2016-07-31,30,,,,,754,B,,1.0
2016-07-31,31,,,,,709,A,,1.0
2016-07-31,32,,,,,319,A,,1.0
2016-07-31,33,72003.46,59955.3,12048.160000000003,0.0,304,B,4681.005000000001,0.0
2016-07-31,34,77.85,87.38,-9.530000000000001,1.0,839,D,5.768099999999998,0.0
2016-07-31,35,1981.46,5945.24,-3963.7799999999997,1.0,137,A,675.4721999999999,0.0
2016-07-31,36,6776.56,3715.41,3061.1500000000005,0.0,745,A,1208.0508,0.0
2016-07-31,37,,,,,574,A,,1.0
2016-07-31,38,,,,,254,A,,1.0
2016-07-31,39,89272.47,21307.54,67964.93,0.0,416,A,10311.969,0.0
2016-07-31,40,866.58,961.77,-95.18999999999994,1.0,972,B,103.14689999999999,0.0
2016-07-31,41,45963.14,43949.78,2013.3600000000006,0.0,272,A,-7918.185999999999,0.0
2016-07-31,42,628.92,422.95,205.96999999999997,0.0,908,A,108.384,0.0
2016-07-31,43,23.09,38.86,-15.77,1.0,455,A,-10.857999999999999,0.0
2016-07-31,44,40245.04,19270.63,20974.41,0.0,571,B,14482.417500000003,0.0
2016-07-31,45,264597.25,365577.91,,1.0,967,B,276403.3575,0.0
2016-07-31,46,600.92,426.75,174.16999999999996,0.0,405,B,11.189999999999998,0.0
2016-07-31,47,160571.75,371183.1,-210611.34999999998,1.0,675,B,322112.84729999996,0.0
2016-07-31,48,,,,,58,B,,1.0
2016-07-31,49,66797.0,70960.15,-4163.149999999994,1.0,242,A,-21562.749000000003,0.0
2016-07-31,50,521041.8,331899.7,189142.09999999998,0.0,517,A,300983.5941,0.0
2016-07-31,51,29.12,75.99,-46.86999999999999,1.0,126,B,2.645700000000001,0.0
2016-07-31,52,657.15,813.19,-156.04000000000008,1.0,704,A,205.17750000000004,0.0
2016-07-31,53,71642.32,64847.3,6795.020000000004,0.0,18,E,-16378.454000000005,0.0
2016-07-31,54,119.17,409.02,-289.84999999999997,1.0,475,B,-218.99800000000002,0.0
2016-07-31,55,79404.35,20369.79,59034.560000000005,0.0,217,C,-46168.56699999999,0.0
2016-07-31,56,5981.05,2652.05,3329.0,0.0,402,A,-1000.0760000000002,0.0
2016-07-31,57,617025.96,495931.47,121094.48999999999,0.0,527,B,284971.56509999995,0.0
2016-07-31,58,,2400.76,4510.4,0.0,180,A,-3909.4130000000014,0.0
2016-07-31,59,46.08,69.17,-23.090000000000003,1.0,425,A,-2.766000000000002,0.0
2016-07-31,60,899427.87,488426.49,411001.38,0.0,755,A,189350.0277,0.0
2016-07-31,61,,,,,976,A,,1.0
2016-07-31,62,9435.93,7154.98,2280.9500000000007,0.0,828,B,143.05500000000012,0.0
2016-07-31,63,279.31,918.21,-638.9000000000001,1.0,920,B,90.11549999999998,0.0
2016-07-31,64,9258.51,223.87,9034.64,0.0,831,A,-1926.3291,0.0
2016-07-31,65,914314.84,316364.27,597950.57,0.0,505,A,173743.325,0.0
2016-07-31,66,6626.57,4200.29,2426.2799999999997,0.0,806,A,-215.9489999999999,0.0
2016-07-31,67,26623.54,31589.02,-4965.48,1.0,783,C,-7731.690899999998,0.0
2016-07-31,68,63.35,23.67,39.68,0.0,421,A,11.368499999999997,0.0
2016-07-31,69,,,,,560,D,,1.0
2016-07-31,70,4908.51,2472.32,2436.19,0.0,140,A,-397.2839999999999,0.0
2016-07-31,71,,,,,937,A,,1.0
2016-07-31,72,25.4,66.57,-41.169999999999995,1.0,842,C,-48.071,0.0
2016-07-31,73,45.06,30.4,14.660000000000004,0.0,760,B,13.070699999999999,0.0
2016-07-31,74,637.3,487.82,149.47999999999996,0.0,907,C,-119.22400000000003,0.0
2016-07-31,75,55982.57,50815.69,5166.879999999997,0.0,764,A,1573.8029999999992,0.0
2016-07-31,76,83596.32,92853.22,-9256.899999999994,1.0,445,B,10850.8155,0.0
2016-07-31,77,12.88,40.68,-27.799999999999997,1.0,135,A,-81.88400000000001,0.0
2016-07-31,78,477838.91,391892.68,85946.22999999998,0.0,113,A,147616.071,0.0
2016-07-31,79,287388.35,356904.34,-69515.99000000005,1.0,673,A,181248.13919999998,0.0
2016-07-31,80,35869.03,48930.07,-13061.04,1.0,773,A,22412.2779,0.0
2016-07-31,81,67284.34,37942.02,29342.32,0.0,230,B,6069.133000000001,0.0
2016-07-31,82,51146.18,52457.66,-1311.4800000000032,1.0,808,C,12768.944000000001,0.0
2016-07-31,83,7395.1,1387.75,6007.35,0.0,757,C,2021.9462999999998,0.0
2016-07-31,84,65.91,20.28,45.629999999999995,0.0,660,B,11.417000000000002,0.0
2016-07-31,85,,,,,346,A,,1.0
2016-07-31,86,,,,,833,E,,1.0
2016-07-31,87,285.73,279.26,6.470000000000027,0.0,512,C,-58.68000000000002,0.0
2016-07-31,88,425654.38,342652.82,83001.56,0.0,941,A,163806.1641,0.0
2016-07-31,89,475421.86,832684.35,-357262.49,1.0,780,B,197144.17229999998,0.0
2016-07-31,90,8410.84,5569.2,2841.6400000000003,0.0,407,B,999.162,0.0
2016-07-31,91,8536.95,8666.74,-129.78999999999905,1.0,704,B,992.9960000000001,0.0
2016-07-31,92,84831.11,50385.22,34445.89,0.0,260,C,-3731.4750000000004,0.0
2016-07-31,93,58.79,20.75,38.04,0.0,433,A,-3.6520000000000032,0.0
2016-07-31,94,521.21,934.03,-412.81999999999994,1.0,576,A,-79.644,0.0
2016-07-31,95,2935.73,6025.85,-3090.1200000000003,1.0,994,B,-1623.852,0.0
2016-07-31,96,,,,,898,A,,1.0
2016-07-31,97,39917.07,78108.57,-38191.50000000001,1.0,868,C,-7579.298699999999,0.0
2016-07-31,98,20206.97,53868.99,-33662.02,1.0,64,A,13609.735200000001,0.0
2016-07-31,99,85567.91,61587.79,23980.120000000003,0.0,564,B,4610.2677,0.0
2016-08-31,0,42.4,80.83,-38.43,1.0,632,B,10.2,0.0
2016-08-31,1,9195.89,1355.34,7840.549999999999,0.0,464,A,-4199.7080000000005,0.0
2016-08-31,2,40.44,29.94,10.499999999999996,0.0,970,A,-54.96400000000001,0.0
2016-08-31,3,15329.12,87616.01,-72286.89,1.0,494,B,-25962.366000000005,0.0
2016-08-31,4,49.24,52.53,-3.289999999999999,1.0,347,A,5.941199999999998,0.0
2016-08-31,5,49000.63,2603.51,46397.119999999995,0.0,755,A,27235.652000000002,0.0
2016-08-31,6,1435.26,410.17,,0.0,304,A,-4406.341,0.0
2016-08-31,7,,,,,657,B,,1.0
2016-08-31,8,628167.53,171526.91,456640.62,0.0,552,C,-19640.602000000003,0.0
2016-08-31,9,,,,,53,B,,1.0
2016-08-31,10,61.36,877.28,-815.92,1.0,444,B,-1.5335999999999999,0.0
2016-08-31,11,,,,,419,B,,1.0
2016-08-31,12,3413.06,4231.3,-818.2400000000002,1.0,392,A,-3752.7974999999997,0.0
2016-08-31,13,175.17,249.84,-74.67000000000002,1.0,922,A,199.95209999999997,0.0
2016-08-31,14,395012.39,269821.16,125191.23000000004,0.0,284,B,324214.98329999996,0.0
2016-08-31,15,5603.46,3803.56,1799.9,0.0,69,A,-36.52100000000014,0.0
2016-08-31,16,948702.82,68644.77,880058.0499999999,0.0,858,A,242592.28900000002,0.0
2016-08-31,17,81080.77,17928.83,63151.94,0.0,71,D,11691.225,0.0
2016-08-31,18,662651.47,145027.29,517624.17999999993,0.0,986,A,318870.27089999994,0.0
2016-08-31,19,88285.7,32678.89,55606.81,0.0,658,D,795.5420000000013,0.0
2016-08-31,20,3271.91,98110.99,-94839.08,1.0,358,B,-11502.548999999999,0.0
2016-08-31,21,802324.1,418727.06,383597.04,0.0,194,B,302412.9285,0.0
2016-08-31,22,836.69,450.56,386.13000000000005,0.0,829,B,216.78300000000002,0.0
2016-08-31,23,5984.01,7485.56,-1501.5500000000002,1.0,19,A,-4335.249,0.0
2016-08-31,24,990.05,962.23,27.819999999999936,0.0,255,A,-101.45900000000002,0.0
2016-08-31,25,392380.3,432631.7,-40251.40000000002,1.0,118,C,239316.56999999998,0.0
2016-08-31,26,8703.82,6952.93,1750.8899999999994,0.0,651,C,2646.5531999999994,0.0
2016-08-31,27,,,,,306,B,,1.0
2016-08-31,28,31583.53,,16874.879999999997,0.0,342,D,-10119.899000000003,0.0
2016-08-31,29,14.5,92.32,-77.82,1.0,123,B,-70.002,0.0
2016-08-31,30,,,,,754,B,,1.0
2016-08-31,31,,,,,709,A,,1.0
2016-08-31,32,,,,,319,A,,1.0
2016-08-31,33,59249.69,88125.06,-28875.369999999995,1.0,304,B,1793.4680000000017,0.0
2016-08-31,34,17.68,93.98,-76.30000000000001,1.0,839,D,4.4987999999999975,0.0
2016-08-31,35,,,,,137,A,,1.0
2016-08-31,36,8901.26,6709.16,2192.1000000000004,0.0,745,A,1479.45,0.0
2016-08-31,37,,,,,574,A,,1.0
2016-08-31,38,,,,,254,A,,1.0
2016-08-31,39,12940.58,1466.35,11474.23,0.0,416,A,11459.392,0.0
2016-08-31,40,,,,,972,B,,1.0
2016-08-31,41,28883.01,44725.31,-15842.3,,272,A,-9502.416,0.0
2016-08-31,42,285.71,448.44,-162.73000000000002,1.0,908,A,118.3329,0.0
2016-08-31,43,66.57,40.51,26.059999999999995,0.0,455,A,-8.251999999999999,0.0
2016-08-31,44,36738.05,40985.47,-4247.419999999998,1.0,571,B,17061.379500000003,0.0
2016-08-31,45,163478.55,495093.07,-331614.52,1.0,967,B,309772.5075,0.0
2016-08-31,46,639.05,349.39,289.65999999999997,0.0,405,B,40.156,0.0
2016-08-31,47,234120.17,217941.05,16179.120000000024,0.0,675,B,372832.22819999995,0.0
2016-08-31,48,,,,,58,B,,1.0
2016-08-31,49,80703.67,95744.96,-15041.290000000008,1.0,242,A,-23066.878000000004,0.0
2016-08-31,50,149976.05,208742.19,-58766.140000000014,1.0,517,A,360961.2231,0.0
2016-08-31,51,,,,,126,B,,1.0
2016-08-31,52,905.57,667.84,237.73000000000002,0.0,704,A,227.73990000000003,0.0
2016-08-31,53,73171.33,88144.55,-14973.220000000001,1.0,18,E,-17875.776000000005,0.0
2016-08-31,54,243.16,267.41,-24.25000000000003,1.0,475,B,-221.423,0.0
2016-08-31,55,53107.28,58146.1,-5038.82,1.0,217,C,-46672.44899999999,0.0
2016-08-31,56,2995.0,9941.32,-6946.32,1.0,402,A,-1694.7080000000003,0.0
2016-08-31,57,523001.21,171656.06,351345.15,0.0,527,B,365488.29179999995,0.0
2016-08-31,58,1202.54,6687.48,-5484.94,1.0,180,A,-4457.907000000002,0.0
2016-08-31,59,76.11,65.7,10.409999999999997,0.0,425,A,-1.7250000000000019,0.0
2016-08-31,60,182539.81,153534.2,29005.609999999986,0.0,755,A,237023.9784,0.0
2016-08-31,61,,,,,976,A,,1.0
2016-08-31,62,9855.8,2169.17,7686.629999999999,0.0,828,B,697.3230000000002,0.0
2016-08-31,63,790.94,5044.25,-4253.3099999999995,1.0,920,B,-34.80749999999999,0.0
2016-08-31,64,5620.19,624.37,4995.82,0.0,831,A,-3065.3511,0.0
2016-08-31,65,320743.15,163004.84,157738.31000000003,0.0,505,A,189517.15600000002,0.0
2016-08-31,66,,,,,806,A,,1.0
2016-08-31,67,83136.03,24918.43,58217.6,0.0,783,C,-8174.884999999998,0.0
2016-08-31,68,92.25,57.67,34.58,0.0,421,A,15.521699999999997,0.0
2016-08-31,69,,,,,560,D,,1.0
2016-08-31,70,8781.8,3797.04,4984.759999999999,0.0,140,A,101.19200000000006,0.0
2016-08-31,71,,,,,937,A,,1.0
2016-08-31,72,73.74,94.42,-20.680000000000007,1.0,842,C,-50.139,0.0
2016-08-31,73,99.69,74.1,25.590000000000003,0.0,760,B,16.7016,0.0
2016-08-31,74,845.09,361.18,483.91,0.0,907,C,-70.83300000000001,0.0
2016-08-31,75,13746.42,78953.4,-65206.979999999996,1.0,764,A,-4946.895,0.0
2016-08-31,76,20363.39,46374.5,-26011.11,1.0,445,B,10837.5987,0.0
2016-08-31,77,86.68,76.81,9.870000000000005,0.0,135,A,-80.897,0.0
2016-08-31,78,580520.01,497552.98,82967.03000000003,0.0,113,A,181353.8595,0.0
2016-08-31,79,792479.08,441255.07,351224.00999999995,0.0,673,A,229675.31399999995,0.0
2016-08-31,80,73819.16,28097.48,45721.68000000001,0.0,773,A,27829.8375,0.0
2016-08-31,81,92339.42,65816.72,26522.699999999997,0.0,230,B,8721.403,0.0
2016-08-31,82,95919.16,88032.13,7887.029999999999,0.0,808,C,16711.515,0.0
2016-08-31,83,5949.73,3397.93,2551.7999999999997,0.0,757,C,2541.1443,0.0
2016-08-31,84,66.75,55.7,11.049999999999997,0.0,660,B,12.522,0.0
2016-08-31,85,,,,,346,A,,1.0
2016-08-31,86,,,,,833,E,,1.0
2016-08-31,87,219.35,994.28,-774.93,1.0,512,C,-117.19350000000003,0.0
2016-08-31,88,530497.0,12344.9,518152.1,0.0,941,A,227412.57630000002,0.0
2016-08-31,89,900766.81,300898.98,599867.8300000001,0.0,780,B,264443.6088,0.0
2016-08-31,90,,1045.93,4243.98,0.0,407,B,1218.7311,0.0
2016-08-31,91,8312.68,3292.93,5019.75,0.0,704,B,1494.9710000000002,0.0
2016-08-31,92,64630.59,84882.73,-20252.14,1.0,260,C,-5756.689,0.0
2016-08-31,93,62.61,495.88,-433.27,1.0,433,A,-27.509100000000004,0.0
2016-08-31,94,239.41,195.18,44.22999999999999,0.0,576,A,-75.22099999999999,0.0
2016-08-31,95,9477.61,1409.04,8068.570000000001,0.0,994,B,-816.995,0.0
2016-08-31,96,,,,,898,A,,1.0
2016-08-31,97,50953.11,5949.9,45003.21,0.0,868,C,-15551.9319,0.0
2016-08-31,98,57042.05,44846.21,12195.840000000004,0.0,64,A,16631.9196,0.0
2016-08-31,99,27727.93,98625.58,-70897.65,1.0,564,B,3377.9997000000008,0.0
2016-09-30,0,44.16,25.98,18.179999999999996,0.0,632,B,12.645,0.0
2016-09-30,1,4248.65,4885.99,-637.3400000000001,1.0,464,A,-4263.442,0.0
2016-09-30,2,62.33,58.47,3.8599999999999994,0.0,970,A,-54.57800000000001,0.0
2016-09-30,3,95719.39,53768.43,41950.96,0.0,494,B,-21767.270000000004,0.0
2016-09-30,4,40.41,23.38,17.029999999999998,0.0,347,A,7.602899999999997,0.0
2016-09-30,5,76319.04,23914.14,52404.899999999994,0.0,755,A,33873.0336,0.0
2016-09-30,6,2508.51,2851.72,-343.2099999999996,1.0,304,A,-4440.662,0.0
2016-09-30,7,,,,,657,B,,1.0
2016-09-30,8,452100.57,361240.19,90860.38,0.0,552,C,-10554.564000000002,0.0
2016-09-30,9,,,,,53,B,,1.0
2016-09-30,10,29.11,785.12,,1.0,444,B,-42.596999999999994,0.0
2016-09-30,11,,,,,419,B,,1.0
2016-09-30,12,6137.7,1839.54,4298.16,0.0,392,A,-4125.813000000001,0.0
2016-09-30,13,805.05,748.34,56.70999999999992,0.0,922,A,241.19519999999997,0.0
2016-09-30,14,208155.75,412368.51,-204212.76,1.0,284,B,388374.1428,0.0
2016-09-30,15,6626.25,3695.59,2930.66,0.0,69,A,256.54499999999985,0.0
2016-09-30,16,265405.3,378985.21,-113579.91000000003,1.0,858,A,301851.48480000003,0.0
2016-09-30,17,17737.51,2670.56,15066.949999999999,0.0,71,D,13197.920000000002,0.0
2016-09-30,18,932981.32,68405.63,864575.69,0.0,986,A,421738.64729999995,0.0
2016-09-30,19,16001.9,52884.3,-36882.4,1.0,658,D,-2892.697999999999,0.0
2016-09-30,20,5884.2,6620.44,-736.2399999999998,1.0,358,B,-13410.422999999999,0.0
2016-09-30,21,422410.76,374539.86,47870.90000000002,0.0,194,B,375274.2411,0.0
2016-09-30,22,194.68,115.61,79.07000000000001,0.0,829,B,271.24440000000004,0.0
2016-09-30,23,2849.33,6366.52,-3517.1900000000005,1.0,19,A,-4686.968,0.0
2016-09-30,24,889.43,296.73,592.6999999999999,0.0,255,A,-42.18900000000002,0.0
2016-09-30,25,570356.64,27610.32,542746.3200000001,0.0,118,C,298540.5915,0.0
2016-09-30,26,2806.78,7665.74,-4858.959999999999,1.0,651,C,2935.7945999999993,0.0
2016-09-30,27,,,,,306,B,,1.0
2016-09-30,28,77399.27,48279.82,29119.450000000004,0.0,342,D,-7207.9540000000015,0.0
2016-09-30,29,63.86,69.42,-5.560000000000002,1.0,123,B,-70.55799999999999,0.0
2016-09-30,30,,,,,754,B,,1.0
2016-09-30,31,,,,,709,A,,1.0
2016-09-30,32,,,,,319,A,,1.0
2016-09-30,33,23201.74,23293.34,-91.59999999999854,1.0,304,B,2023.9545000000019,0.0
2016-09-30,34,95.51,36.94,58.57000000000001,0.0,839,D,4.986599999999997,0.0
2016-09-30,35,,,,,137,A,,1.0
2016-09-30,36,8422.81,2320.21,6102.599999999999,0.0,745,A,1933.9272,0.0
2016-09-30,37,,,,,574,A,,1.0
2016-09-30,38,,,,,254,A,,1.0
2016-09-30,39,71858.9,59511.49,12347.409999999996,0.0,416,A,12694.133,0.0
2016-09-30,40,,,,,972,B,,1.0
2016-09-30,41,,,,,272,A,,1.0
2016-09-30,42,515.2,992.97,-477.77,1.0,908,A,113.94869999999999,0.0
2016-09-30,43,93.06,86.12,6.939999999999998,0.0,455,A,-7.557999999999999,0.0
2016-09-30,44,86365.66,88134.35,-1768.6900000000023,1.0,571,B,19587.280800000004,0.0
2016-09-30,45,403492.57,258229.21,145263.36000000002,0.0,967,B,347499.55830000003,0.0
2016-09-30,46,308.74,803.12,-494.38,1.0,405,B,-9.282000000000005,0.0
2016-09-30,47,548817.17,395422.43,153394.74000000005,0.0,675,B,428153.45129999996,0.0
2016-09-30,48,,,,,58,B,,1.0
2016-09-30,49,90454.85,47319.96,43134.89000000001,0.0,242,A,-18753.389000000003,0.0
2016-09-30,50,523034.53,433644.4,89390.13,0.0,517,A,423620.556,0.0
2016-09-30,51,,,,,126,B,,1.0
2016-09-30,52,378.85,13.92,364.93,0.0,704,A,261.25020000000006,0.0
2016-09-30,53,20454.95,403678.28,-383223.33,1.0,18,E,-56198.10900000001,0.0
2016-09-30,54,221.51,157.88,63.629999999999995,0.0,475,B,-215.06,0.0
2016-09-30,55,27127.88,15890.32,11237.560000000001,0.0,217,C,-45548.69299999999,0.0
2016-09-30,56,6426.79,8992.02,-2565.2300000000005,1.0,402,A,-1951.2310000000002,0.0
2016-09-30,57,404243.2,39678.71,364564.49,0.0,527,B,456941.95319999993,0.0
2016-09-30,58,7664.95,7291.24,373.71000000000004,0.0,180,A,-4420.536000000002,0.0
2016-09-30,59,42.16,37.17,4.989999999999995,0.0,425,A,-1.2260000000000024,0.0
2016-09-30,60,340966.89,320369.48,20597.410000000033,0.0,755,A,285315.8514,0.0
2016-09-30,61,,,,,976,A,,1.0
2016-09-30,62,,,,,828,B,,1.0
2016-09-30,63,541.19,931.44,-390.25,1.0,920,B,-171.438,0.0
2016-09-30,64,5256.62,3074.0,2182.62,0.0,831,A,-3578.478,0.0
2016-09-30,65,424609.09,152919.71,271689.38,0.0,505,A,237019.84859999997,0.0
2016-09-30,66,,,,,806,A,,1.0
2016-09-30,67,17279.09,23379.22,-6100.130000000001,1.0,783,C,-8784.898,0.0
2016-09-30,68,73.24,91.89,-18.650000000000006,1.0,421,A,19.115399999999998,0.0
2016-09-30,69,,,,,560,D,,1.0
2016-09-30,70,9172.57,7131.93,2040.6399999999994,0.0,140,A,305.25600000000003,0.0
2016-09-30,71,,,,,937,A,,1.0
2016-09-30,72,75.72,72.28,3.4399999999999977,0.0,842,C,-49.795,0.0
2016-09-30,73,17.79,24.16,-6.370000000000001,1.0,760,B,20.141399999999997,0.0
2016-09-30,74,657.87,178.36,479.51,0.0,907,C,-22.88200000000002,0.0
2016-09-30,75,21703.81,86234.8,-64530.990000000005,1.0,764,A,-11399.994,0.0
2016-09-30,76,12280.63,28855.13,-16574.5,1.0,445,B,10327.146900000002,0.0
2016-09-30,77,66.66,31.23,35.42999999999999,0.0,135,A,-77.35400000000001,0.0
2016-09-30,78,,,,,113,A,,1.0
2016-09-30,79,499544.95,216626.94,282918.01,0.0,673,A,286590.0290999999,0.0
2016-09-30,80,79998.89,95505.97,-15507.080000000002,1.0,773,A,32782.1847,0.0
2016-09-30,81,42972.48,50897.03,-7924.549999999996,1.0,230,B,7928.948000000001,0.0
2016-09-30,82,59762.17,1635.05,58127.119999999995,0.0,808,C,22522.6227,0.0
2016-09-30,83,4688.53,9715.47,-5026.94,1.0,757,C,2909.5341,0.0
2016-09-30,84,65.09,89.31,-24.22,1.0,660,B,11.9913,0.0
2016-09-30,85,,,,,346,A,,1.0
2016-09-30,86,,,,,833,E,,1.0
2016-09-30,87,977.68,789.34,188.33999999999992,0.0,512,C,-117.33900000000001,0.0
2016-09-30,88,411425.91,111091.24,300334.67,0.0,941,A,300029.0286,0.0
2016-09-30,89,722042.9,111657.86,610385.04,,780,B,350054.5965,0.0
2016-09-30,90,9430.27,2465.75,6964.52,0.0,407,B,1647.2358,0.0
2016-09-30,91,,,,,704,B,,1.0
2016-09-30,92,96964.83,65838.02,31126.809999999998,0.0,260,C,-2644.0080000000003,0.0
2016-09-30,93,,,,,433,A,,1.0
2016-09-30,94,,,,,576,A,,1.0
2016-09-30,95,7527.76,1308.22,6219.54,0.0,994,B,-195.041,0.0
2016-09-30,96,,,,,898,A,,1.0
2016-09-30,97,10767.81,59575.52,-48807.71,1.0,868,C,-24988.7964,0.0
2016-09-30,98,61208.03,12020.43,49187.6,0.0,64,A,21129.732000000004,0.0
2016-09-30,99,86131.59,52755.08,33376.509999999995,0.0,564,B,3147.027000000001,0.0
2016-10-31,0,62.97,90.4,-27.430000000000007,1.0,632,B,14.2671,0.0
2016-10-31,1,,,,,464,A,,1.0
2016-10-31,2,57.33,94.67,-37.34,1.0,970,A,-58.31200000000001,0.0
2016-10-31,3,24845.36,71831.14,-46985.78,1.0,494,B,-26465.848000000005,0.0
2016-10-31,4,49.4,66.89,-17.490000000000002,1.0,347,A,8.739899999999997,0.0
2016-10-31,5,14498.73,85170.25,-70671.52,1.0,755,A,41495.7306,0.0
2016-10-31,6,,,,,304,A,,1.0
2016-10-31,7,,,,,657,B,,1.0
2016-10-31,8,494983.23,365777.07,129206.15999999997,0.0,552,C,2366.051999999996,0.0
2016-10-31,9,,,,,53,B,,1.0
2016-10-31,10,,,,,444,B,,1.0
2016-10-31,11,,,,,419,B,,1.0
2016-10-31,12,8138.75,8625.1,-486.35000000000036,1.0,392,A,-4174.448,0.0
2016-10-31,13,805.48,756.45,49.02999999999997,0.0,922,A,283.90919999999994,0.0
2016-10-31,14,185474.48,460361.65,-274887.17000000004,1.0,284,B,444286.6872,0.0
2016-10-31,15,9748.25,6945.71,2802.54,0.0,69,A,536.7989999999999,0.0
2016-10-31,16,,138459.57,237837.59999999998,0.0,858,A,378356.9022,0.0
2016-10-31,17,76987.76,59682.64,17305.119999999995,0.0,71,D,14928.432,0.0
2016-10-31,18,319844.36,278878.46,40965.899999999965,0.0,986,A,525836.0007,0.0
2016-10-31,19,67011.57,78353.08,-11341.509999999995,1.0,658,D,-4026.8489999999983,0.0
2016-10-31,20,3616.36,9012.29,-5395.93,1.0,358,B,-13950.015999999998,0.0
2016-10-31,21,780954.41,428464.55,352489.86000000004,0.0,194,B,458710.2495,0.0
2016-10-31,22,696.24,759.65,-63.40999999999997,1.0,829,B,323.80350000000004,0.0
2016-10-31,23,4996.73,7092.15,-2095.42,1.0,19,A,-4896.51,0.0
2016-10-31,24,478.25,935.57,-457.32000000000005,1.0,255,A,-87.92100000000003,0.0
2016-10-31,25,527925.37,85905.31,442020.06,0.0,118,C,371025.21479999996,0.0
2016-10-31,26,1996.15,8084.05,-6087.9,1.0,651,C,3042.3989999999994,0.0
2016-10-31,27,,,,,306,B,,1.0
2016-10-31,28,54310.53,91821.93,-37511.399999999994,1.0,342,D,-10959.094000000001,0.0
2016-10-31,29,67.16,32.14,35.019999999999996,0.0,123,B,-67.056,0.0
2016-10-31,30,,,,,754,B,,1.0
2016-10-31,31,,,,,709,A,,1.0
2016-10-31,32,,,,,319,A,,1.0
2016-10-31,33,64354.36,88326.78,-23972.42,1.0,304,B,1840.0743000000025,0.0
2016-10-31,34,41.09,50.34,-9.25,1.0,839,D,5.196899999999996,0.0
2016-10-31,35,,,,,137,A,,1.0
2016-10-31,36,3968.88,8798.52,-4829.64,1.0,745,A,2243.5152000000003,0.0
2016-10-31,37,,,,,574,A,,1.0
2016-10-31,38,,,,,254,A,,1.0
2016-10-31,39,30252.52,329337.86,-299085.33999999997,1.0,416,A,3965.8943999999974,0.0
2016-10-31,40,,,,,972,B,,1.0
2016-10-31,41,,,,,272,A,,1.0
2016-10-31,42,164.09,265.8,-101.71000000000001,1.0,908,A,106.51319999999998,0.0
2016-10-31,43,44.24,28.54,15.700000000000003,0.0,455,A,-5.987999999999999,0.0
2016-10-31,44,47997.56,76799.47,-28801.910000000003,1.0,571,B,21249.124800000005,0.0
2016-10-31,45,224131.71,237699.9,-13568.190000000002,1.0,967,B,384819.56340000004,0.0
2016-10-31,46,601.22,735.18,-133.95999999999992,1.0,405,B,-22.677999999999997,0.0
2016-10-31,47,775334.89,144702.32,630632.5700000001,0.0,675,B,502393.6514999999,0.0
2016-10-31,48,,,,,58,B,,1.0
2016-10-31,49,17664.0,,-39350.94,1.0,242,A,-22688.483000000004,0.0
2016-10-31,50,971002.89,497881.32,473121.57,0.0,517,A,500473.53599999996,0.0
2016-10-31,51,,,,,126,B,,1.0
2016-10-31,52,,,,,704,A,,1.0
2016-10-31,53,52651.66,21363.35,31288.310000000005,0.0,18,E,-53069.278000000006,0.0
2016-10-31,54,909.73,158.48,751.25,,475,B,-139.935,0.0
2016-10-31,55,79013.08,29134.1,49878.98,0.0,217,C,-40560.79499999999,0.0
2016-10-31,56,1506.59,94454.91,-92948.32,1.0,402,A,-7636.698300000001,0.0
2016-10-31,57,289530.58,196263.9,93266.68000000002,0.0,527,B,551193.615,0.0
2016-10-31,58,6265.62,4133.5,2132.12,0.0,180,A,-4207.324000000001,0.0
2016-10-31,59,49.36,86.2,-36.84,1.0,425,A,-4.910000000000003,0.0
2016-10-31,60,385284.4,175562.44,209721.96000000002,0.0,755,A,339899.3832,0.0
2016-10-31,61,,,,,976,A,,1.0
2016-10-31,62,,,,,828,B,,1.0
2016-10-31,63,943.68,526.95,416.7299999999999,0.0,920,B,-295.5666,0.0
2016-10-31,64,4325.48,8682.55,-4357.07,1.0,831,A,-4014.185,0.0
2016-10-31,65,820856.34,209928.15,610928.19,0.0,505,A,320353.52249999996,0.0
2016-10-31,66,,,,,806,A,,1.0
2016-10-31,67,99693.42,7957.31,91736.11,0.0,783,C,388.71300000000195,0.0
2016-10-31,68,87.66,22.54,65.12,0.0,421,A,24.662699999999997,0.0
2016-10-31,69,,,,,560,D,,1.0
2016-10-31,70,8110.94,7908.38,202.5599999999995,0.0,140,A,325.51199999999994,0.0
2016-10-31,71,,,,,937,A,,1.0
2016-10-31,72,53.83,79.0,-25.17,1.0,842,C,-52.312000000000005,0.0
2016-10-31,73,25.8,56.18,-30.38,1.0,760,B,22.6698,0.0
2016-10-31,74,407.79,758.88,-351.09,1.0,907,C,-57.991000000000014,0.0
2016-10-31,75,22825.19,494652.23,-471827.04,1.0,764,A,-32064.516899999995,0.0
2016-10-31,76,88653.85,73751.28,14902.570000000007,0.0,445,B,10263.772200000001,0.0
2016-10-31,77,99.79,82.49,,0.0,135,A,-75.62400000000001,0.0
2016-10-31,78,,,,,113,A,,1.0
2016-10-31,79,472104.32,248935.08,223169.24000000002,0.0,673,A,350199.8213999999,0.0
2016-10-31,80,15928.86,96051.93,-80123.06999999999,1.0,773,A,35330.8398,0.0
2016-10-31,81,50967.12,92385.05,-41417.93,1.0,230,B,3787.155000000001,0.0
2016-10-31,82,60299.46,88584.2,-28284.739999999998,1.0,808,C,27485.1882,0.0
2016-10-31,83,1874.32,3891.01,-2016.6900000000003,1.0,757,C,3217.4232,0.0
2016-10-31,84,29.4,76.02,-46.62,1.0,660,B,13.6227,0.0
2016-10-31,85,,,,,346,A,,1.0
2016-10-31,86,,,,,833,E,,1.0
2016-10-31,87,744.76,739.8,4.960000000000036,0.0,512,C,-116.84300000000002,0.0
2016-10-31,88,270458.93,136509.31,133949.62,0.0,941,A,376663.9695,0.0
2016-10-31,89,248867.9,466951.79,-218083.88999999998,1.0,780,B,429123.0675,0.0
2016-10-31,90,6698.72,5287.08,1411.6400000000003,0.0,407,B,2118.0897,0.0
2016-10-31,91,,,,,704,B,,1.0
2016-10-31,92,84651.53,24640.4,60011.13,0.0,260,C,3357.1049999999996,0.0
2016-10-31,93,,,,,433,A,,1.0
2016-10-31,94,,,,,576,A,,1.0
2016-10-31,95,8920.63,3378.24,5542.389999999999,0.0,994,B,359.198,0.0
2016-10-31,96,,,,,898,A,,1.0
2016-10-31,97,80292.52,84549.12,-4256.599999999991,1.0,868,C,-31881.875,0.0
2016-10-31,98,89400.65,51325.88,38074.77,0.0,64,A,26769.787500000006,0.0
2016-10-31,99,92252.39,24301.2,67951.19,0.0,564,B,6025.210000000002,0.0
2016-11-30,0,93.65,21.54,72.11000000000001,0.0,632,B,18.0525,0.0
2016-11-30,1,,,,,464,A,,1.0
2016-11-30,2,,,,,970,A,,1.0
2016-11-30,3,16908.11,47668.54,-30760.43,1.0,494,B,-29541.891000000003,0.0
2016-11-30,4,67.77,21.46,46.309999999999995,0.0,347,A,11.266199999999996,0.0
2016-11-30,5,36197.0,93148.72,-56951.72,1.0,755,A,47409.876000000004,0.0
2016-11-30,6,,,,,304,A,,1.0
2016-11-30,7,,,,,657,B,,1.0
2016-11-30,8,398057.72,435726.86,-37669.140000000014,1.0,552,C,-1400.8620000000055,0.0
2016-11-30,9,,,,,53,B,,1.0
2016-11-30,10,,,,,444,B,,1.0
2016-11-30,11,,,,,419,B,,1.0
2016-11-30,12,8000.32,5244.84,2755.4799999999996,0.0,392,A,-3898.9,0.0
2016-11-30,13,973.6,538.32,435.28,0.0,922,A,339.68159999999995,0.0
2016-11-30,14,713358.04,225408.91,487949.13,0.0,284,B,514837.7055,0.0
2016-11-30,15,3083.74,4327.28,-1243.54,1.0,69,A,412.4449999999998,0.0
2016-11-30,16,262455.54,256188.6,6266.939999999973,0.0,858,A,455050.3278,0.0
2016-11-30,17,41319.34,40178.74,1140.5999999999985,0.0,71,D,15042.492000000002,0.0
2016-11-30,18,677482.87,291995.93,385486.94,0.0,986,A,641497.9623,0.0
2016-11-30,19,64259.46,38477.79,25781.67,0.0,658,D,-1448.6819999999987,0.0
2016-11-30,20,1166.35,4487.96,-3321.61,1.0,358,B,-14282.176999999996,0.0
2016-11-30,21,705212.48,380821.86,324390.62,0.0,194,B,551877.9765,0.0
2016-11-30,22,699.84,621.84,78.0,0.0,829,B,378.7026000000001,0.0
2016-11-30,23,1298.65,6203.87,-4905.219999999999,1.0,19,A,-5387.032,0.0
2016-11-30,24,,,,,255,A,,1.0
2016-11-30,25,316036.0,176854.63,139181.37,0.0,118,C,447685.2792,0.0
2016-11-30,26,5584.35,4612.17,972.1800000000003,0.0,651,C,3178.1687999999995,0.0
2016-11-30,27,,,,,306,B,,1.0
2016-11-30,28,74398.32,14487.05,59911.270000000004,0.0,342,D,-4967.967000000001,0.0
2016-11-30,29,47.52,12.49,35.03,0.0,123,B,-63.553,0.0
2016-11-30,30,,,,,754,B,,1.0
2016-11-30,31,,,,,709,A,,1.0
2016-11-30,32,,,,,319,A,,1.0
2016-11-30,33,83162.84,71746.93,11415.910000000003,0.0,304,B,1998.6714000000031,0.0
2016-11-30,34,52.46,48.41,4.050000000000004,0.0,839,D,5.528699999999995,0.0
2016-11-30,35,,,,,137,A,,1.0
2016-11-30,36,9642.89,5305.37,4337.5199999999995,0.0,745,A,2683.2288000000003,0.0
2016-11-30,37,,,,,574,A,,1.0
2016-11-30,38,,,,,254,A,,1.0
2016-11-30,39,94596.63,47093.51,47503.12,0.0,416,A,226.66769999999815,0.0
2016-11-30,40,,,,,972,B,,1.0
2016-11-30,41,,,,,272,A,,1.0
2016-11-30,42,144.95,125.0,19.94999999999999,0.0,908,A,99.67619999999998,0.0
2016-11-30,43,82.15,25.65,56.50000000000001,0.0,455,A,-0.3379999999999974,0.0
2016-11-30,44,,,,,571,B,,1.0
2016-11-30,45,348424.33,234111.74,114312.59000000003,0.0,967,B,425568.94620000006,0.0
2016-11-30,46,696.71,466.99,229.72000000000003,0.0,405,B,0.2940000000000055,0.0
2016-11-30,47,320926.02,457429.97,-136503.94999999995,1.0,675,B,572538.7331999999,0.0
2016-11-30,48,,,,,58,B,,1.0
2016-11-30,49,84068.83,76368.34,7700.490000000005,0.0,242,A,-21918.434000000005,0.0
2016-11-30,50,784304.58,167696.46,616608.12,0.0,517,A,595824.7596,0.0
2016-11-30,51,,,,,126,B,,1.0
2016-11-30,52,,,,,704,A,,1.0
2016-11-30,53,27927.73,26075.33,1852.3999999999978,0.0,18,E,-52884.038,0.0
2016-11-30,54,753.33,582.89,170.44000000000005,0.0,475,B,-122.89099999999999,0.0
2016-11-30,55,41063.13,12127.78,28935.35,0.0,217,C,-37667.259999999995,0.0
2016-11-30,56,9124.79,4942.77,4182.02,0.0,402,A,-10827.861,0.0
2016-11-30,57,937124.79,51061.48,886063.31,0.0,527,B,672027.1761,0.0
2016-11-30,58,,,,,180,A,,1.0
2016-11-30,59,61.17,46.16,15.010000000000005,0.0,425,A,-3.409000000000002,0.0
2016-11-30,60,580088.83,103805.69,476283.13999999996,0.0,755,A,408771.4092,0.0
2016-11-30,61,,,,,976,A,,1.0
2016-11-30,62,,,,,828,B,,1.0
2016-11-30,63,271.95,118.38,153.57,0.0,920,B,-398.405,0.0
2016-11-30,64,9781.75,2765.8,7015.95,0.0,831,A,-3312.59,0.0
2016-11-30,65,306966.72,290520.17,16446.54999999999,0.0,505,A,404180.59289999993,0.0
2016-11-30,66,,,,,806,A,,1.0
2016-11-30,67,49074.11,22882.83,26191.28,0.0,783,C,3007.841000000002,0.0
2016-11-30,68,91.45,18.52,72.93,0.0,421,A,32.3979,0.0
2016-11-30,69,,,,,560,D,,1.0
2016-11-30,70,5308.58,7369.65,-2061.0699999999997,1.0,140,A,119.40499999999997,0.0
2016-11-30,71,,,,,937,A,,1.0
2016-11-30,72,66.12,34.79,31.330000000000005,0.0,842,C,-49.179,0.0
2016-11-30,73,87.83,9.06,78.77,0.0,760,B,27.5613,0.0
2016-11-30,74,633.05,102.85,530.1999999999999,0.0,907,C,-4.971000000000015,0.0
2016-11-30,75,69209.41,23726.35,45483.060000000005,0.0,764,A,-48274.83449999999,0.0
2016-11-30,76,40378.14,85903.24,-45525.100000000006,1.0,445,B,8834.644500000002,0.0
2016-11-30,77,81.92,76.06,5.859999999999999,0.0,135,A,-75.038,0.0
2016-11-30,78,,,,,113,A,,1.0
2016-11-30,79,437984.93,172730.65,265254.28,0.0,673,A,421767.2420999999,0.0
2016-11-30,80,72141.14,45181.68,26959.46,0.0,773,A,38688.2787,0.0
2016-11-30,81,92821.32,98540.1,-5718.779999999999,1.0,230,B,3215.2770000000014,0.0
2016-11-30,82,79990.28,72478.08,7512.199999999997,0.0,808,C,32673.1197,0.0
2016-11-30,83,1841.84,7169.71,-5327.87,1.0,757,C,3365.4762,0.0
2016-11-30,84,23.71,76.74,-53.029999999999994,1.0,660,B,13.6632,0.0
2016-11-30,85,,,,,346,A,,1.0
2016-11-30,86,,,,,833,E,,1.0
2016-11-30,87,706.87,3135.72,-2428.85,1.0,512,C,-295.36650000000003,0.0
2016-11-30,88,979370.88,270472.0,708898.88,0.0,941,A,474565.8768,0.0
2016-11-30,89,545003.95,36062.69,508941.25999999995,0.0,780,B,523459.77629999997,0.0
2016-11-30,90,4696.36,6032.07,,1.0,407,B,2548.8723,0.0
2016-11-30,91,,,,,704,B,,1.0
2016-11-30,92,63956.94,45423.94,18533.0,0.0,260,C,5210.405,0.0
2016-11-30,93,,,,,433,A,,1.0
2016-11-30,94,,,,,576,A,,1.0
2016-11-30,95,7021.75,4870.06,2151.6899999999996,0.0,994,B,574.367,0.0
2016-11-30,96,,,,,898,A,,1.0
2016-11-30,97,65923.97,86435.64,-20511.67,1.0,868,C,-33933.042,0.0
2016-11-30,98,41263.71,45748.96,-4485.25,1.0,64,A,32275.285500000005,0.0
2016-11-30,99,65301.45,23448.59,41852.86,0.0,564,B,10210.496000000003,0.0
2016-12-31,0,30.5,72.39,-41.89,1.0,632,B,20.5812,0.0
2016-12-31,1,,,,,464,A,,1.0
2016-12-31,2,,,,,970,A,,1.0
2016-12-31,3,60488.9,21232.62,39256.28,0.0,494,B,-25616.263000000006,0.0
2016-12-31,4,73.28,22.38,50.900000000000006,0.0,347,A,15.319499999999994,0.0
2016-12-31,5,23811.62,60478.92,-36667.3,1.0,755,A,52224.002400000005,0.0
2016-12-31,6,,,,,304,A,,1.0
2016-12-31,7,,,,,657,B,,1.0
2016-12-31,8,230316.43,413853.36,-183536.93,1.0,552,C,-19754.555000000008,0.0
2016-12-31,9,,,,,53,B,,1.0
2016-12-31,10,,,,,444,B,,1.0
2016-12-31,11,,,,,419,B,,1.0
2016-12-31,12,5489.53,6495.23,-1005.6999999999998,1.0,392,A,-3999.47,0.0
2016-12-31,13,624.22,556.55,67.67000000000007,0.0,922,A,397.48409999999996,0.0
2016-12-31,14,164915.12,161402.0,3513.1199999999953,0.0,284,B,585494.1174,0.0
2016-12-31,15,6059.35,1155.23,4904.120000000001,0.0,69,A,902.857,0.0
2016-12-31,16,456354.47,216634.48,239719.98999999996,0.0,858,A,538935.3531000001,0.0
2016-12-31,17,39315.88,72566.65,-33250.77,1.0,71,D,17550.660300000003,0.0
2016-12-31,18,848509.52,849891.85,-1382.329999999958,1.0,986,A,757118.454,0.0
2016-12-31,19,27795.67,86173.33,-58377.66,1.0,658,D,-7286.4479999999985,0.0
2016-12-31,20,7215.45,9343.32,,1.0,358,B,-14494.963999999996,0.0
2016-12-31,21,328576.42,322806.88,5769.539999999979,0.0,194,B,645218.7897,0.0
2016-12-31,22,190.95,2936.6,-2745.65,1.0,829,B,351.2322000000001,0.0
2016-12-31,23,6361.09,9401.98,-3040.8899999999994,1.0,19,A,-5691.121,0.0
2016-12-31,24,,,,,255,A,,1.0
2016-12-31,25,159861.04,393133.73,-233272.68999999997,1.0,118,C,517347.1629,0.0
2016-12-31,26,1579.26,8601.9,-7022.639999999999,1.0,651,C,3103.2593999999995,0.0
2016-12-31,27,,,,,306,B,,1.0
2016-12-31,28,,,,,342,D,,1.0
2016-12-31,29,74.88,99.4,-24.52000000000001,1.0,123,B,-66.005,0.0
2016-12-31,30,,,,,754,B,,1.0
2016-12-31,31,,,,,709,A,,1.0
2016-12-31,32,,,,,319,A,,1.0
2016-12-31,33,26523.06,66360.46,-39837.40000000001,1.0,304,B,962.1465000000035,0.0
2016-12-31,34,,,,,839,D,,1.0
2016-12-31,35,,,,,137,A,,1.0
2016-12-31,36,,,,,745,A,,1.0
2016-12-31,37,,,,,574,A,,1.0
2016-12-31,38,,,,,254,A,,1.0
2016-12-31,39,14931.62,12512.49,2419.130000000001,0.0,416,A,-3439.9851000000012,0.0
2016-12-31,40,,,,,972,B,,1.0
2016-12-31,41,,,,,272,A,,1.0
2016-12-31,42,482.25,494.32,-12.069999999999993,1.0,908,A,92.47709999999998,0.0
2016-12-31,43,37.2,39.36,-2.1599999999999966,1.0,455,A,-0.553999999999997,0.0
2016-12-31,44,,,,,571,B,,1.0
2016-12-31,45,980522.74,215210.91,765311.83,0.0,967,B,489277.68390000006,0.0
2016-12-31,46,461.31,830.55,-369.23999999999995,1.0,405,B,-36.62999999999999,0.0
2016-12-31,47,811038.23,368169.77,442868.45999999996,0.0,675,B,655969.8686999999,0.0
2016-12-31,48,,,,,58,B,,1.0
2016-12-31,49,22677.26,60843.9,-38166.64,1.0,242,A,-25735.098000000005,0.0
2016-12-31,50,501309.91,446381.41,54928.5,0.0,517,A,692823.8382,0.0
2016-12-31,51,,,,,126,B,,1.0
2016-12-31,52,,,,,704,A,,1.0
2016-12-31,53,65722.17,74578.8,-8856.630000000005,1.0,18,E,-53769.701,0.0
2016-12-31,54,757.68,177.67,580.01,0.0,475,B,-64.88999999999999,0.0
2016-12-31,55,47035.93,83011.16,-35975.23,1.0,217,C,-41264.782999999996,0.0
2016-12-31,56,4108.05,5765.43,-1657.38,1.0,402,A,-10993.599000000002,0.0
2016-12-31,57,851787.22,368761.39,483025.82999999996,0.0,527,B,807351.5121,0.0
2016-12-31,58,,,,,180,A,,1.0
2016-12-31,59,91.21,485.32,-394.11,1.0,425,A,-19.485300000000002,0.0
2016-12-31,60,957653.41,465704.5,491948.91000000003,0.0,755,A,492401.90249999997,0.0
2016-12-31,61,,,,,976,A,,1.0
2016-12-31,62,,,,,828,B,,1.0
2016-12-31,63,252.34,944.77,-692.43,1.0,920,B,-467.64799999999997,0.0
2016-12-31,64,,,,,831,A,,1.0
2016-12-31,65,156688.93,603284.43,-446595.50000000006,1.0,505,A,474609.7982999999,0.0
2016-12-31,66,,,,,806,A,,1.0
2016-12-31,67,30736.8,32233.86,-1497.0600000000013,1.0,783,C,2858.135000000002,0.0
2016-12-31,68,55.86,73.46,-17.599999999999994,,421,A,39.6051,0.0
2016-12-31,69,,,,,560,D,,1.0
2016-12-31,70,7595.3,4880.73,2714.5700000000006,0.0,140,A,390.8620000000001,0.0
2016-12-31,71,,,,,937,A,,1.0
2016-12-31,72,,,,,842,C,,1.0
2016-12-31,73,,,,,760,B,,1.0
2016-12-31,74,417.35,360.0,57.35000000000002,0.0,907,C,0.7639999999999874,0.0
2016-12-31,75,18747.46,19776.6,-1029.1399999999994,1.0,764,A,-54137.306,0.0
2016-12-31,76,87382.55,85587.93,1794.62000000001,0.0,445,B,7459.355400000003,0.0
2016-12-31,77,,,,,135,A,,1.0
2016-12-31,78,,,,,113,A,,1.0
2016-12-31,79,606617.37,105834.57,500782.8,0.0,673,A,508358.14679999993,0.0
2016-12-31,80,77517.05,37230.78,40286.270000000004,0.0,773,A,43254.305700000004,0.0
2016-12-31,81,46746.74,35677.2,11069.54,0.0,230,B,4322.231000000002,0.0
2016-12-31,82,75507.07,44205.61,31301.460000000006,0.0,808,C,38800.095,0.0
2016-12-31,83,1473.86,2531.18,-1057.32,1.0,757,C,3481.8096,0.0
2016-12-31,84,10.17,33.24,-23.07,1.0,660,B,13.0116,0.0
2016-12-31,85,,,,,346,A,,1.0
2016-12-31,86,,,,,833,E,,1.0
2016-12-31,87,768.81,859.79,-90.98000000000002,1.0,512,C,-368.826,0.0
2016-12-31,88,875666.37,463961.09,411705.27999999997,0.0,941,A,584818.9425,0.0
2016-12-31,89,523005.39,450636.04,72369.35000000003,0.0,780,B,619967.5656,0.0
2016-12-31,90,9036.06,2513.2,6522.86,0.0,407,B,3175.3407,0.0
2016-12-31,91,,,,,704,B,,1.0
2016-12-31,92,34835.41,16384.15,18451.260000000002,0.0,260,C,7055.531,0.0
2016-12-31,93,,,,,433,A,,1.0
2016-12-31,94,,,,,576,A,,1.0
2016-12-31,95,5494.67,5538.98,-44.30999999999949,1.0,994,B,569.936,0.0
2016-12-31,96,,,,,898,A,,1.0
2016-12-31,97,64696.88,86094.65,-21397.769999999997,1.0,868,C,-36072.819,0.0
2016-12-31,98,71380.59,91804.26,-20423.67,1.0,64,A,37168.07340000001,0.0
2016-12-31,99,28592.7,21013.58,7579.119999999999,0.0,564,B,11308.2612,0.0
